2470 3712
183 257 226 303 20
539 244 657 298 LATIN
683 243 844 297 READER

182 423 217 487 in
243 422 441 487 dEterifirem
468 421 719 487 condicionem²
743 443 842 506 quam
872 424 964 507 prius
989 423 1199 501 inciderunt,

183 547 261 590 nam
284 527 428 603 domina,
453 527 495 590 de
518 528 599 590 hora
629 525 737 591 noctis
763 529 900 603 incerta,
923 547 1014 590 nunc
1045 527 1200 592 famulas

183 650 285 714 saepe
301 630 366 694 iam
382 637 490 713 prima
506 630 625 695 nocte²
639 630 814 695 excitabat.

402 838 421 886 2
427 838 458 907 3.
510 815 551 888 A
556 815 679 888 varice
703 815 855 913 Brings
882 815 977 888 Loss

229 963 350 1029 Mulier
373 964 531 1047 gallinam
563 964 719 1042 habebat,
743 985 830 1048 quae
860 965 911 1028 ei³
933 962 1055 1028 cotidie
1085 971 1198 1028 finum

160 1075 283 1138 sovum
310 1068 484 1150 pariebat.⁴
530 1068 593 1132 Illa
615 1070 663 1132 ita
685 1068 910 1133 existimabat:
935 1068 1002 1133 “Si
1029 1068 1197 1149 gallinam

184 1191 293 1244 meam
316 1171 486 1254 saginabi‘),
510 1172 588 1236 bina
612 1182 670 1236 aut
699 1182 795 1236 terna
818 1181 881 1236 ova
904 1172 1025 1235 cotidie
1049 1171 1196 1255 pariet.”

184 1275 252 1339 Sed
275 1274 407 1356 gallina,
431 1277 498 1338 iam
529 1277 673 1358 pinguis,
690 1284 761 1340 ova
784 1295 901 1358 parere
925 1273 1044 1338 desiit.⁵
1091 1275 1196 1340 Haec

182 1377 298 1443 fabula
313 1379 412 1443 docet
426 1379 598 1443 avaritiam
615 1400 716 1464 saepe
732 1379 827 1444 esse⁶
841 1380 1046 1442 damnosam.

305 1587 361 1655 24.
413 1564 494 1637 His
518 1564 596 1637 Lot
620 1575 688 1637 not
710 1591 749 1637 so
774 1563 869 1636 Bad
889 1565 993 1661 aster
1014 1562 1077 1636 all

227 1713 337 1779 Senex
374 1715 408 1776 in
443 1715 526 1778 silva
556 1714 648 1797 ligna
684 1714 871 1778 ceciderat.⁷
936 1714 994 1777 Eis
1026 1713 1196 1789 sublatis,⁸

145 1844 172 1874 10
182 1817 339 1880 domum⁹
369 1819 477 1882 redire
507 1821 627 1903 coepit.
675 1819 789 1884 Onere
819 1827 854 1881 et
883 1817 937 1881 via
971 1817 1192 1899 defatigatus,

182 1921 308 1984 fascem
333 1921 487 2002 deposuit
510 1932 610 2005 atque
634 1930 747 1986 secum
767 1922 885 1985 aetatis
901 1931 936 1986 et
951 1920 1084 2002 inopiae
1100 1923 1193 1985 mala

181 2024 479 2106 contemplabatur.
529 2027 672 2090 Mortem
697 2026 832 2090 tandem
857 2026 945 2089 clara
960 2033 1041 2088 voce
1057 2024 1192 2088 invoca·

181 2128 247 2191 vit:
272 2129 361 2190 “Me
383 2129 426 2192 ab
449 2129 603 2193 omnibus
635 2131 686 2194 his
717 2131 814 2192 malis
846 2126 980 2192 libera.''
1029 2128 1191 2194 Precibus

181 2230 270 2295 senis
286 2232 416 2307 auditis,
436 2233 528 2296 Mors
542 2232 651 2296 subito
666 2234 803 2310 adstitit,
816 2243 850 2297 et
871 2231 951 2315 quid
972 2251 1075 2296 senex
1086 2233 1191 2297 vellet

218 2380 241 2415 1.
268 2367 297 2417 in
333 2365 493 2418 deteriorem
526 2367 657 2420 condicit·
743 2375 767 2419 6.
793 2365 932 2421 Infinitive
951 2366 980 2420 in
999 2383 1035 2420 an
1053 2365 1190 2436 indepen-

180 2465 260 2504 nem:
302 2453 364 2520 they
388 2452 448 2524 fell
479 2455 538 2508 into
569 2471 657 2508 worse
708 2454 775 2509 dent
805 2454 897 2509 clause
928 2453 961 2508 of
985 2452 1104 2508 indirect
1130 2453 1187 2508 dis·

183 2537 282 2609 plagit.
708 2559 813 2596 course.

216 2641 241 2678 a.
268 2625 357 2691 prime
382 2629 477 2680 nocte:
494 2630 525 2682 in
542 2629 587 2682 the
598 2646 657 2683 eve-
744 2645 767 2694 7.
796 2630 878 2683 From
891 2629 981 2680 caedo.

180 2713 269 2782 ning5
287 2713 412 2784 literally,
430 2720 462 2768 at
479 2715 525 2768 the
534 2718 605 2786 first
626 2717 663 2788 os
743 2723 768 2768 8.
795 2720 836 2768 eis
880 2719 1011 2769 sublitis:
1055 2713 1187 2768 Ablative

179 2798 224 2851 the
236 2799 323 2868 ›1ng.
707 2803 851 2858 Absolute.
891 2806 1007 2857 sublatis
1019 2799 1043 2855 is
1057 2801 1104 2855 the
1123 2819 1186 2871 per·

215 2901 240 2947 ³·
258 2887 314 2957 for
345 2887 402 2954 lter,
441 2890 487 2942 ale.
526 2889 568 2944 for
607 2890 655 2944 the
706 2890 761 2945 fect
773 2890 914 2960 participle
926 2890 959 2945 of
966 2889 1042 2942 tollo.

181 2988 297 3025 woman.
742 2996 767 3042 9·
794 2981 889 3031 domus
934 2977 990 3031 and
1026 2981 1081 3043 nis,
1128 2977 1184 3030 like

214 3077 238 3124 4.
264 3061 346 3113 From
368 3063 453 3130 pario,
470 3063 654 3136 brangsorth,
707 3082 802 3118 names
826 3064 858 3119 of
885 3074 982 3127 towns,
1007 3063 1111 3118 denote
1135 3063 1182 3116 the

179 3146 234 3215 lay.
666 3207 668 3212 ,
706 3151 775 3205 limit
788 3151 820 3206 of
830 3151 936 3206 motion
949 3150 1182 3220 withoutapreo

215 3247 239 3296 5.
267 3234 349 3288 From
363 3240 557 3304 desinocease.
706 3237 817 3292 osition.
