2470 3712
380 868 592 951 SHORT
634 867 903 970 sToRffis

288 1122 344 1192 29.
406 1099 444 1170 T
438 1099 481 1169 lze
507 1099 635 1196 Erave
661 1097 1004 1170 Lacedaemoniam

188 1278 365 1360 Philippus
385 1278 597 1341 minitdbitur
618 1298 678 1358 per
699 1277 844 1341 litteris1
866 1284 901 1340 sd
925 1277 1038 1340 omnia
1062 1297 1149 1360 quae

146 1382 404 1445 Lacedaemonii
433 1389 633 1444 conarentur
663 1381 906 1462 prohibitorum
937 1380 1039 1443 osse.²
1095 1381 1150 1442 Illi

144 1485 403 1567 responderunt:
444 1486 567 1547 “Num
599 1492 660 1547 nos
691 1504 726 1548 es
757 1484 858 1547 etiam
889 1491 973 1547 mori
1003 1483 1150 1565 prohibi-

144 1588 309 1653 tdrus³?'’

121 1709 133 1754 s
188 1693 244 1756 Ad
273 1693 468 1768 Leonidam,
495 1700 608 1774 regem
637 1692 990 1767 Lacedaemoniorum,
1015 1693 1150 1772 scripsit

145 1798 291 1860 Xerxis:
353 1797 482 1859 “Mitte
525 1795 667 1858 arma.⁴'’
731 1795 919 1877 Respondit
962 1794 1148 1858 Leonidas:

146 1901 263 1964 “Veni
285 1910 319 1964 et
341 1900 454 1982 cape.''

186 2001 303 2063 Perses
319 2001 352 2064 in
370 2002 546 2084 conloquio
564 2003 610 2064 ita
629 2002 848 2082 gloriabitur:
885 2007 903 2034 “
916 2002 1029 2066 Solem
1045 2008 1149 2084 prae⁵

144 2103 324 2166 iaculorum
352 2110 540 2166 nostrorum
567 2103 779 2167 multitfidine
801 2114 836 2167 et
859 2107 1055 2187 sagittarum
1080 2114 1148 2168 non

108 2235 134 2264 10
145 2206 330 2270 videbitis?
378 2206 458 2270 Sine
487 2214 580 2269 mori
610 2207 784 2288 respondit
814 2214 901 2271 dnus
932 2215 950 2269 ὃ
982 2207 1150 2271 Lacedae·

145 2311 283 2372 moniis:
316 2311 388 2372 “In
412 2309 530 2372 umbri
553 2309 655 2390 igitur
677 2310 932 2392 pugnabimus?

190 2413 475 2477 Lacedaemonius
499 2412 644 2494 quidam,
669 2422 726 2494 qui
748 2412 917 2476 ridebitur
945 2413 1035 2496 quod
1060 2415 1148 2477 clau-

180 2593 273 2647 These
291 2594 352 2647 four
376 2593 525 2646 anecdotes
547 2592 621 2646 illus·
672 2593 761 2647 would
774 2593 810 2647 be
822 2608 871 2659 ego
886 2595 976 2647 omnia
991 2609 1059 2660 quae
1072 2599 1150 2648 coni·

146 2689 215 2734 trate
231 2680 278 2734 the
295 2681 385 2733 iamed
402 2680 515 2748 bravery
527 2679 559 2733 of
574 2680 620 2732 the
671 2682 739 2731 mini
751 2682 905 2746 prohibebo.

146 2768 286 2835 Spartans
301 2766 362 2820 who
372 2782 441 2819 were
456 2783 472 2818 a
485 2766 580 2818 nation
593 2766 624 2819 of
708 2785 732 2830 3.
759 2782 825 2818 num
848 2807 853 2819 .
877 2807 883 2819 .
906 2806 913 2820 .
945 2769 1148 2834 prohibitx'irus?

147 2851 276 2906 warriors.
676 2857 732 2906 Yon
757 2871 807 2906 are
826 2860 873 2907 not
882 2857 970 2924 going
984 2861 1012 2906 to
1029 2855 1096 2924 keep
1117 2873 1149 2908 us

183 2958 205 2991 1.
232 2954 279 3005 per
291 2941 414 2992 litteris:
434 2941 466 3007 by
478 2941 565 2992 letter.
663 2943 746 3011 from
759 2942 852 3010 dying,
865 2947 915 3004 too,
928 2957 978 2993 are
984 2957 1041 3009 you
1049 2943 1064 2992 ,ἲ
1218 3008 1219 3013 Ἰ

181 3044 205 3079 2.
231 3030 259 3078 οὲ
275 3042 347 3078 esse:
370 3026 482 3095 Philip’s
502 3027 620 3096 thought
706 3045 731 3090 4,
759 3029 839 3079 mitte
857 3042 946 3080 arma:
977 3029 1022 3079 tle.
1045 3027 1073 3080 in
1093 3046 1149 3081 sur-

146 3114 294 3183 expressed
304 3113 456 3183 indirectly‚
467 3130 497 3167 or
510 3113 536 3165 in
550 3113 620 3166 indi·
671 3113 778 3167 render.

147 3207 203 3253 rect
211 3197 359 3251 discourse.
386 3200 449 3252 The
457 3199 543 3252 direct
552 3199 622 3253 form
708 3216 733 3269 5.
760 3215 839 3266 prae:
859 3200 1016 3272 bccauseos.

633 3297 664 3342 26
