2480 3702
440 229 558 281 enini
584 229 746 281 raanan
1051 224 1091 302 63

82 407 135 471 Ut
160 427 202 470 ex
231 414 299 470 ῡηό
325 407 493 488 quondam
521 409 555 469 in
583 407 666 468 duos
692 407 834 489 populos
860 407 996 469 Albana
1021 406 1093 469 res¹

82 515 193 577 divisa
209 514 283 586 est,²
310 518 356 573 sic
374 530 462 573 nunc
479 510 512 572 in
530 517 632 572 imum
649 510 800 573 redibit.'’

130 613 268 688 Albani,
298 613 442 677 inermes
472 623 505 677 et
536 614 578 676 ab
609 620 745 676 armatis
774 624 893 696 saepti,
925 613 1093 677 silentium

82 727 214 780 tenent.
261 717 347 779 Tum
364 725 421 780 rex
440 718 633 780 Romanus:
905 702 907 706 ¹

132 825 152 852 “
164 821 264 883 Metti
275 821 410 895 Fufeti,⁸
420 828 455 883 tu
468 829 536 883 non
547 831 642 903 potes
653 820 780 884 discere
791 821 890 884 fidem
904 841 942 885 ac
955 821 1118 885 foederas

84 931 229 987 servire.
279 924 396 1006 Itaque
414 934 527 987 mitem
543 925 752 1006 disciplinam
768 925 928 988 adhibere
943 944 1007 1007 ego
1025 933 1091 988 nim

84 1047 235 1111 possum.
283 1027 449 1110 Quoniam
466 1038 560 1091 tuum
576 1028 746 1110 ingenium
758 1027 944 1092 insanabile
960 1037 1020 1101 est,
1035 1035 1093 1091 tui>

84 1131 253 1213 supplicio
280 1131 571 1195 doce-humanum
597 1152 705 1214 genus
735 1152 775 1195 ea
804 1139 920 1196 sancta
945 1131 1089 1208 credere,

84 1255 173 1317 quae
189 1241 209 1297 i
224 1242 259 1298 te
274 1235 397 1299 violata
414 1245 500 1298 sunt.
549 1237 598 1301 Ut
616 1235 718 1318 pauli>
738 1245 816 1299 ante
840 1234 988 1298 animum
1005 1233 1092 1299 inter

86 1338 269 1403 Fidenates
304 1341 540 1421 Romanosque
570 1339 749 1421 ancipitem
780 1338 924 1421 gessisti,
951 1340 998 1402 ita
1024 1341 1090 1402 iam
1104 1366 1133 1398 ιο

85 1463 212 1525 corpus
230 1445 354 1524 passim
371 1443 604 1507 distrahetur.”

132 1545 276 1610 Duabus
292 1547 463 1629 quadrigis
483 1546 634 1622 admotis,
652 1546 770 1627 inligat
788 1548 952 1621 Mettium,
971 1546 1091 1611 deinde

87 1652 122 1714 in
147 1653 315 1715 diversum
340 1653 420 1716 iter⁴
436 1658 513 1731 equi
534 1651 691 1713 concitati
707 1660 793 1724 sunt,
808 1651 952 1713 lacerum
969 1670 1091 1734 corpus

87 1757 274 1834 portantes,
291 1757 311 1814 a
327 1758 395 1833 qud
411 1753 602 1834 spectaculi>
618 1759 734 1818 omnes
750 1753 863 1816 oculos
878 1759 1078 1818 averterunt.

299 2071 355 2143 52.
410 2050 606 2148 Captured
628 2051 670 2147 by
704 2051 741 2122 Τ
736 2050 880 2148 ricbery

132 2221 262 2288 Urbem
281 2222 406 2286 Gabios
430 2225 631 2304 Tarquinius
654 2224 825 2305 Superbus
846 2226 935 2305 cepit
954 2224 1091 2288 fraude‘
1103 2249 1128 2297 ις

85 2326 180 2390 Sexti
195 2326 253 2401 fili,
271 2335 328 2407 qui
343 2326 385 2388 ad
403 2326 551 2390 Gabinos
568 2334 603 2389 se
616 2328 764 2402 contulit,
779 2327 883 2408 patris
898 2328 1090 2391 saevitiam⁸

85 2429 120 2490 in
138 2435 175 2490 se
190 2436 407 2511 conquerens.

133 2626 157 2660 1.
183 2609 290 2662 Albam
313 2613 370 2661 ren:
401 2609 447 2662 the
470 2609 562 2663 Alban
613 2613 664 2664 site
675 2612 830 2664 directtons.

84 2695 318 2750 commonwcaltlz.
659 2713 683 2760 5.
710 2698 820 2751 fraude:
878 2697 994 2768 through
1046 2697 1090 2752 the

131 2800 157 2835 a.
184 2785 272 2836 divisa
285 2786 342 2836 est:
363 2791 390 2837 at
403 2784 452 2837 the
469 2782 564 2836 found·
612 2785 741 2852 trickery.

85 2870 137 2939 ing
148 2868 180 2924 of
189 2871 287 2924 Rome.
657 2877 683 2924 6.
709 2873 795 2938 patrie
812 2873 975 2925 saevitiam:
995 2871 1016 2925 it
1035 2889 1089 2926 was

131 2974 157 3020 ³·
184 2959 268 3010 uerti
302 2957 409 3010 Fufeti:
449 2974 563 3011 remem·
614 2957 674 3011 said
689 2958 748 3012 that
764 2958 798 3011 he
814 2976 883 3012 even
901 2959 1013 3012 showed
1028 2958 1090 3013 self·

87 3044 137 3099 ber
155 3044 218 3098 how
235 3060 335 3114 proper
352 3060 446 3097 names
464 3045 493 3096 in
509 3046 563 3096 -ius
614 3045 736 3099 inflicted
770 3046 892 3102 wounds.
930 3045 1016 3099 which
1055 3047 1090 3100 he

87 3130 157 3185 form
170 3130 217 3184 the
230 3131 363 3185 vocative.
614 3131 730 3185 claimed
748 3131 804 3184 had
823 3131 893 3185 been
913 3131 1035 3185 inflicted
1054 3132 1091 3202 by

131 3238 157 3283 4.
183 3224 358 3275 indivaraum
365 3222 431 3274 iter:
443 3221 472 3270 in
481 3221 563 3286 oppa·
614 3217 661 3270 the
674 3218 748 3288 king.
