2480 3702
441 235 558 287 LATIN
586 236 747 288 READER
1052 232 1094 310 67

85 412 220 475 subleto
237 415 384 495 undique
401 415 435 476 in
453 421 554 476 imum
573 415 702 478 hostem
719 416 785 478 tela
801 415 978 479 coniciunt.
1026 415 1093 480 Sed

85 515 197 579 subito
214 517 347 580 auditur
361 518 477 600 fragor
492 527 581 600 rupti
600 518 720 601 pontis,
738 529 772 581 et
788 518 913 582 clamor
930 520 1094 582 Remini>

85 639 160 680 rum
177 620 340 703 impetum
358 622 503 685 hostium
521 623 686 686 sustinuit.
733 623 820 684 Turn
839 622 1000 710 Horatius
1015 643 1022 685 :

131 723 319 788 “Tiberine
350 734 454 807 pater,
487 733 521 789 te
551 746 677 808 precor,
710 727 794 789 haec
824 745 918 788 arma
941 735 975 789 et
1002 727 1092 791 hunc

86 826 224 890 militem
241 823 385 911 propitio
401 829 537 893 flumine
553 830 700 912 accipe.'’
1104 847 1116 892 5

132 932 186 994 Ita
206 940 352 996 armetus
368 933 402 995 in
419 933 565 997 Tiberim
590 935 722 997 desiluit
743 945 786 1010 et,
809 934 922 997 multis
943 933 1091 1016 superin-

85 1034 274 1098 cidentibus
291 1036 385 1112 teus,¹
402 1037 577 1101 incolumis
593 1039 634 1101 ad
652 1045 730 1101 suos
745 1037 898 1100 triuivit.

131 1139 251 1203 Statua
268 1141 389 1204 Horeti
404 1142 438 1203 in
455 1141 589 1204 comitie
601 1141 710 1224 posita
719 1151 780 1206 est.
826 1141 913 1223 Agri
928 1149 1090 1228 quantum

85 1249 153 1306 imo
169 1242 222 1306 die
238 1244 457 1308 circumarere
475 1228 582 1326 potuit
597 1253 628 1309 ei
643 1245 757 1308 datum
776 1253 837 1308 est.

356 1535 412 1608 54.
463 1516 622 1588 Mucius
650 1515 824 1588 Scaevola

129 1680 309 1758 Porsenna,
344 1689 451 1763 primo
489 1682 630 1744 conatii²
668 1681 831 1764 repulsus,
869 1681 1014 1744 censiliis
1048 1679 1091 1744 ab
1104 1707 1131 1738 10

84 1781 338 1866 oppugnetione
375 1786 418 1848 ad
461 1785 667 1848 obsidionem
705 1795 820 1859 versis,
852 1785 1019 1866 praesidii>
1056 1783 1091 1846 in

86 1887 237 1950 Ianiculo
253 1888 371 1965 loceto,
388 1888 511 1971 ipsein
528 1896 607 1970 ripis
623 1887 753 1951 Tiberis
770 1898 880 1952 castra
896 1887 1016 1970 posuit.

129 1991 167 2055 C.
193 1991 337 2068 Mucius,
360 1993 556 2056 adulescens
575 1991 705 2068 nobilis,
723 1998 899 2073 penetrare
920 1991 954 2054 in
978 1993 1090 2056 Etrus

85 2101 200 2158 cerum
224 2105 334 2159 castra
357 2096 538 2160 censtituit.
589 2097 751 2161 Senetum
775 2096 854 2158 adit.
902 2096 1091 2160 “Transire

84 2179 264 2275 Tiberim,”
282 2200 397 2284 inquit,
413 2207 432 2233 ‘⁴
442 2209 477 2264 et
491 2200 624 2276 intrere,
643 2207 671 2263 si
683 2208 809 2282 potero,
823 2208 932 2262 castra
946 2199 1091 2262 hostium
1105 2235 1114 2265 1
1118 2231 1140 2277 ς,

83 2303 171 2367 volo.
224 2305 397 2386 Magnum,
420 2314 448 2368 si
468 2305 502 2367 di
521 2304 644 2380 iuvant,
661 2305 696 2366 in
712 2305 832 2366 animo
855 2311 908 2366 est
927 2303 1090 2367 lacinus”

84 2406 288 2489 Approbant
310 2415 429 2490 patres
477 2408 606 2471 Abdito
627 2409 715 2471 intra
737 2417 866 2471 vestem
890 2407 990 2481 ferre,
1019 2427 1092 2488 pro·

84 2511 250 2575 ficiscitur.

129 2614 198 2680 Ubi
213 2615 247 2678 in
264 2616 408 2680 hostium
425 2628 535 2682 castra
549 2618 649 2694 venit,
667 2619 702 2680 in
718 2617 816 2680 turbe
840 2635 946 2699 prope
962 2615 1091 2696 regium

82 2719 230 2782 tribunal
271 2721 428 2784 constitit.
475 2721 527 2783 lbi
566 2720 770 2802 stipendium
807 2718 966 2782 militibus
1002 2718 1130 2786 fortem

82 2823 235 2888 dabitur.
283 2825 415 2887 Mucius
433 2824 637 2888 Porsennam
653 2832 794 2906 ignorat,
806 2834 840 2887 et
857 2823 999 2886 scribam
1012 2840 1088 2885 cum

128 2990 153 3023 1.
178 2973 274 3024 multis
298 2973 559 3039 superincidentibus
611 2974 686 3026 Pons
701 2970 838 3025 Sublicius
854 2970 942 3024 which
958 2968 1089 3023 Horatius

81 3061 162 3112 telis:
176 3058 558 3130 AblativeAbsolute,tkouglz
610 3058 673 3112 held
704 3075 735 3112 so
767 3058 976 3128 courageously.
1023 3058 1089 3109 Por·

81 3163 168 3214 many
178 3149 307 3214 weapons
316 3147 377 3218 scll
391 3147 474 3200 above
491 3146 557 3199 hm.
609 3162 696 3199 senna
709 3162 763 3198 uas
783 3144 938 3214 compelled
957 3152 986 3197 to
999 3150 1089 3197 resort

125 3250 151 3285 2.
177 3235 264 3300 primi
298 3235 410 3287 ueniter:
449 3241 478 3286 at
512 3233 558 3288 the
610 3240 638 3287 to
652 3250 668 3286 a
683 3231 769 3302 siege.
