2470 3712
159 249 199 312 32
503 238 621 291 sarm
647 238 809 292 ananan

158 416 321 504 praesidis
347 425 451 499 pater.
498 417 639 493 Taurus,
669 418 887 481 sectaittiribus
914 418 1083 496 dimissis,¹
1113 441 1160 484 se·

157 521 257 584 debat
279 527 339 603 pri>
361 520 504 583 cubiculi
520 529 571 583 sui
591 521 719 585 foribus
734 531 769 585 et
784 541 860 584 cum
876 523 991 586 nubrs²
1007 527 1160 589 sermrici

157 625 307 687 trabitur.
417 607 423 622 ⁸

202 726 353 791 Introivit
369 728 560 811 privinciae
579 747 715 810 praeses
734 738 768 792 et
788 737 921 793 cumei>
939 741 1043 812 pater.
1092 732 1170 795 Ad:

133 833 297 895 ssurrexit
313 831 443 913 placide
457 832 592 895 Taurus
608 841 641 894 et
658 843 734 914 post
750 839 900 896 mutuam
924 834 1158 898 salutatirinem

156 935 286 998 resedit.
334 934 461 998 Adlata
475 955 553 998 mox
568 943 635 998 ima
651 936 732 998 sella
748 945 808 1012 est,
826 957 912 1020 quae
927 936 960 999 in
977 939 1161 1026 *prr'rmptri³

156 1049 235 1113 erat,
250 1048 358 1121 atque,
372 1039 451 1101 dum
468 1038 553 1102 aliae
569 1040 816 1122 premebantur,
830 1041 984 1123 apposita
999 1049 1062 1105 est.
1107 1043 1161 1105 In·

155 1143 271 1206 vitiavit
294 1143 425 1206 Taurus
448 1151 576 1223 patrem
600 1143 763 1225 praesidis
786 1153 835 1207 uti
856 1145 996 1208 sederet.
1043 1145 1161 1228 Atque

156 1246 211 1309 ille
238 1247 303 1309 ait:
351 1246 504 1310 “Sedeat
535 1247 588 1309 hic
619 1247 752 1328 potius,⁴
782 1255 840 1330 qui
870 1248 986 1331 populi
1014 1249 1161 1312 Rimani

107 1373 137 1404 10
157 1351 370 1432 magistratus
411 1350 493 1414 est.''
552 1349 719 1434 “Absque
759 1351 1011 1434 praeiridicii),⁶”
1051 1353 1161 1436 inquit

155 1454 295 1531 Taurus,
329 1459 393 1517 “tri
424 1453 550 1517 interei
581 1454 670 1531 sede,
697 1454 776 1518 dum
806 1456 1001 1538 inspicimus
1031 1459 1161 1538 quaeri-

155 1577 295 1640 musque
316 1567 426 1621 utrum
449 1558 646 1621 conveniat⁶
666 1565 699 1621 te
719 1559 830 1639 potius
847 1559 973 1635 sedere,
990 1565 1047 1641 qui
1064 1570 1161 1641 pater

154 1680 200 1736 es,
229 1681 272 1723 an
302 1661 419 1736 filium,
448 1669 505 1742 qui
531 1661 746 1742 magistratus
773 1663 855 1726 est.''
907 1662 951 1725 Et
978 1662 1034 1725 ubi
1063 1673 1160 1745 pater

155 1764 284 1828 adsedit
315 1764 571 1848 appositumque
601 1776 653 1829 est
687 1765 776 1828 aliud
812 1766 883 1829 filiu
918 1786 1052 1849 quoque
1087 1767 1161 1831 eius

118 1895 144 1940 ις
155 1870 266 1944 sedile,
290 1870 391 1933 verba
415 1889 516 1951 super
538 1875 579 1932 eir
602 1876 638 1931 re
660 1870 792 1933 Taurus
815 1870 904 1933 facit.

199 1974 323 2036 Ebrum
335 1973 512 2037 verberum
528 1974 696 2036 sententia
711 1973 793 2038 haec
816 1973 917 2038 fuit⁷:
957 1973 999 2036 In
1015 1973 1160 2060 publicis

155 2076 234 2141 locis
277 2087 377 2161 atque
423 2078 616 2140 muneribus
654 2087 755 2160 atque
795 2076 981 2141 actihnibus
1023 2087 1158 2158 patrum

191 2223 214 2256 1.
241 2203 418 2256 metitiiribus
488 2202 627 2254 dimissis:
678 2201 796 2273 judging
805 2203 852 2256 the
862 2201 990 2273 question
999 2219 1040 2256 we
1053 2219 1100 2256 are
1110 2221 1160 2274 go-

152 2292 261 2361 having
282 2289 427 2344 dismissed
453 2289 497 2343 itis
521 2287 628 2359 pupils,
681 2289 729 2360 ing
741 2297 770 2343 to
783 2289 899 2344 discuss.

153 2377 437 2433 AblativeAbsolute.
723 2382 748 2427 ⁶.
781 2380 892 2429 utrum
954 2376 1157 2430 conveniat:

187 2484 212 2519 a.
239 2481 300 2519 eum
337 2464 430 2517 uirbis:
470 2462 539 2517 witi
574 2479 626 2516 me.
678 2462 798 2516 whether
817 2465 839 2516 it
858 2466 883 2516 is
894 2464 1002 2532 fitting,
1023 2479 1060 2516 an
1083 2463 1160 2516 Indi-

153 2555 214 2608 The
235 2552 323 2623 plural
342 2551 373 2606 of
391 2550 438 2605 the
460 2566 585 2620 pronoun
604 2549 627 2603 is
678 2558 734 2604 rect
748 2549 891 2618 Question.
931 2550 992 2602 The
1006 2547 1114 2618 subject
1132 2550 1163 2603 of

153 2640 311 2695 sometimes
335 2638 403 2692 used
427 2639 456 2690 in
483 2637 572 2703 Latin,
596 2653 627 2689 as
677 2638 822 2690 conveniat
842 2636 865 2690 is
887 2636 934 2689 the
952 2635 1088 2690 infinitive
1108 2636 1159 2691 fol-

152 2729 181 2781 in
212 2725 339 2797 English,
369 2734 399 2779 to
435 2726 536 2778 denote
572 2739 627 2777 one
678 2721 801 2795 louing.'

153 2832 262 2885 person.
722 2827 746 2876 7.
772 2812 917 2878 sententis,
937 2819 1007 2865 ete:
1030 2810 1076 2863 tlte
1096 2812 1159 2865 sub-

187 2897 571 2966 3.inprimpti1:ailmnd.
624 2951 628 2960 ,
677 2905 770 2951 stance
780 2899 817 2969 of
822 2899 896 2952 iliose
910 2899 1004 2972 words
1018 2899 1043 2950 is
1060 2914 1093 2950 as
1097 2898 1158 2968 sol-

186 3006 212 3052 4.
238 2993 333 3043 sedeat
366 2993 410 3042 irie
443 2991 550 3056 potius:
589 2985 626 3037 let
677 2985 752 3038 lorus.
791 2987 853 3039 The
865 2993 1059 3055 argument,as
1073 2984 1115 3037 far
1127 3003 1157 3038 as

69 3097 71 3103 ,
151 3075 284 3128 ihisman
297 3070 601 3126 ratheriakeihescai.
678 3075 783 3140 exuriti,
811 3073 834 3126 is
864 3073 947 3142 given
978 3071 1006 3134 in
1039 3071 1157 3125 indirect

187 3177 212 3226 5.
239 3164 340 3225 absque
351 3159 531 3224 praeiudicii:
546 3156 627 3209 witli-
678 3158 762 3224 form;
791 3160 850 3212 that
863 3159 896 3225 is,
909 3158 937 3212 in
951 3157 1074 3222 Indirect
1087 3159 1158 3212 ‘Dis-

151 3251 198 3299 out
212 3241 362 3314 prq'udice,
380 3242 425 3293 ie.
441 3239 554 3292 without
567 3257 626 3308 pre·
678 3256 782 3292 course.
