2480 3702
121 220 167 282 60
470 223 588 278 LATIN
615 224 776 278 READER

122 402 282 466 adversus
298 401 459 466 Veientes
476 402 596 484 derigit
613 410 691 466 suos
701 425 709 480 ;
734 403 887 468 Albanos
906 413 1025 469 contra
1041 415 1133 471 exer·
1220 465 1235 502 Ἤ,

121 508 222 570 citum
241 506 452 570 Fidenatium
468 507 630 571 conlocat.

167 611 306 675 Mettio¹
336 619 404 674 non
431 611 507 692 plus
539 611 641 674 animi
670 624 742 676 erat
773 634 873 695 quam
902 614 989 677 fidei.
1054 617 1131 680 Nec

1231 654 1236 715 l

121 723 255 779 manere
271 734 334 780 nec
350 723 466 798 aperte
476 715 635 779 transire²
645 736 747 780 ausus
760 726 820 780 est.
869 718 989 800 Itaque
1001 719 1129 782 sensim
1227 777 1236 790 .,

97 820 162 883 sad
175 827 306 883 montes
322 819 479 884 succedit
528 819 621 896 lnde,
637 829 673 883 ut
688 829 811 884 tereret
826 822 983 916 tempus,⁸
992 822 1130 886 ordines

120 925 273 1006 explicat.
321 923 504 990 Consilium
518 923 590 987 eius
605 933 687 999 erat,
702 931 859 988 eventum
870 926 977 1008 proeli
992 945 1131 1008 exspec-

120 1035 191 1092 tire
207 1038 241 1092 et
257 1035 415 1092 victorem
429 1035 533 1111 sequi.

167 1133 317 1208 Romani,
335 1141 393 1216 qui
415 1133 557 1214 proximi
573 1130 716 1209 stabant,
734 1131 840 1197 territi
863 1142 950 1210 sunt,
967 1143 1004 1198 ut
1020 1133 1130 1198 latera
1230 1123 1237 1132 ”

120 1257 182 1300 sua
197 1237 316 1300 nudari
331 1237 482 1318 digressu
499 1236 664 1300 sociorum
681 1244 866 1301 senserunt.
901 1238 1023 1320 Eques,
1037 1246 1128 1321 equo

84 1341 243 1417 10citatr'>‚⁴
262 1341 395 1404 nuntiat
417 1340 517 1403 Tullo
532 1339 623 1404 abire
647 1340 808 1410 Albanos.
857 1341 956 1406 Clara
978 1349 1071 1415 voce,
1091 1353 1130 1406 ut

121 1445 234 1509 hostes
245 1445 448 1519 exaudirent,
463 1445 581 1508 Tullus
593 1446 738 1528 equitem
751 1446 903 1527 increpat
916 1446 966 1509 his
979 1446 1093 1510 verbis
1103 1447 1129 1510 :⁵

122 1549 239 1614 “Redi
254 1549 287 1612 in
304 1549 475 1632 proelium.
525 1551 604 1613 Meo
620 1549 711 1612 iussu
729 1549 856 1612 Albani
867 1550 914 1612 ita
929 1549 1070 1626 faciunt,
1091 1559 1128 1614 ut
1235 1544 1239 1562 '

121 1654 213 1716 nuda
228 1663 325 1735 terga
341 1653 554 1716 Fidenatium
570 1647 763 1716 invadant.’'

164 1758 287 1821 Terror
308 1758 350 1821 ad
374 1759 487 1821 hostes
510 1757 651 1835 transit,⁸
666 1778 744 1820 nam
760 1765 878 1822 vocem
895 1759 1019 1822 claram
1036 1760 1128 1841 regis
1237 1775 1239 1812 2

84 1897 111 1942 15
124 1862 266 1924 Romani
281 1862 486 1937 audiverant,
499 1872 533 1924 et
543 1881 667 1944 magna
682 1882 760 1943 pars
775 1862 987 1925 Fidenatium
1005 1863 1128 1926 Latine
1226 1863 1236 1914 ἵῖ

122 1965 292 2028 sciebant!
353 1967 480 2049 Itaque,
511 1971 556 2028 ne
588 1965 698 2029 subito
733 1986 775 2028 ex
808 1965 946 2029 collibus
981 1966 1127 2030 decursu
1230 1978 1238 2016 ὶ-

121 2070 330 2132 Albanorum
347 2068 648 2134 intercluderentur
663 2068 705 2131 ab
721 2069 859 2152 oppido,
871 2079 968 2151 terga
978 2079 1127 2134 vertunt.
1227 2081 1238 2125 22

122 2173 249 2249 Tullus,
263 2174 345 2264 luso-
357 2172 567 2236 Frdenatium
580 2179 693 2249 cornu,
708 2172 742 2234 in
756 2173 916 2236 Veientes
929 2172 1022 2237 redit
1072 2173 1128 2237 Illi
1226 2163 1233 2224 Ϊ

122 2277 282 2359 impetum
299 2286 366 2340 non
382 2277 539 2340 tulerunt.
586 2277 656 2339 Alii
671 2296 764 2339 arma
785 2276 887 2339 foede
907 2278 1077 2364 iactantes¹
1092 2276 1127 2341 in
1193 2347 1197 2356 ¹

73 2480 77 2492 .
168 2462 191 2496 1.
217 2443 334 2496 Mettius
364 2442 424 2496 had
453 2459 489 2496 no
521 2458 596 2494 more
647 2441 680 2496 of
694 2441 741 2496 the
761 2440 877 2507 Albans,
897 2440 986 2496 which
1008 2457 1127 2510 appears

120 2547 235 2601 courage
246 2530 315 2583 than
319 2529 437 2599 fidelity.
647 2537 676 2583 to
694 2528 771 2582 leave
790 2529 838 2583 the
859 2531 968 2583 Roman
987 2528 1061 2598 right
1080 2546 1128 2583 ex·
1235 2537 1239 2544 '

165 2636 190 2670 2.
217 2621 349 2671 transire:
381 2625 411 2670 to
437 2617 485 2670 the
515 2617 597 2671 Fide·
647 2615 743 2686 posed,
769 2615 794 2670 is
821 2615 904 2686 really
930 2632 966 2668 an
992 2614 1127 2670 offensive
1150 2629 1153 2636 ’
1228 2609 1239 2641 ³'

121 2713 208 2759 nates.
648 2709 805 2757 movement
818 2702 939 2772 planned
956 2701 993 2772 by
1007 2702 1125 2756 himself

165 2811 190 2857 3.
217 2796 248 2846 ut
280 2795 379 2846 tereret
411 2794 535 2859 tempus:
570 2796 597 2844 to
648 2798 677 2844 to
687 2790 751 2843 shut
760 2790 809 2843 the
822 2789 968 2843 Fidenates
979 2787 1021 2843 off
1029 2789 1128 2843 froma

115 2882 186 2951 gam
203 2882 278 2934 time.
647 2876 770 2947 possible
779 2884 878 2930 retreat
886 2876 945 2930 into
958 2875 1029 2930 their
1041 2883 1126 2930 town.

164 2987 189 3032 4.
216 2971 282 3034 equo
315 2968 415 3020 cltito:
452 2965 521 3020 wt‘tk
553 2965 597 3018 his
691 2970 717 3015 6.
742 2965 859 3016 transit:
894 2961 964 3016 from
991 2962 1039 3016 the
1069 2965 1128 3017 Ro·

119 3054 199 3108 horse
216 3061 247 3108 at
257 3053 323 3124 full
337 3053 426 3123 speed.
608 3087 610 3091 -
648 3066 726 3104 mans
745 3056 774 3104 to
793 3049 864 3103 their
883 3048 949 3103 foes.

164 3159 189 3206 5.
215 3141 312 3195 Tullus
348 3140 445 3194 shouts
482 3147 512 3192 to
548 3139 595 3192 the
691 3154 715 3202 7.
741 3140 836 3190 natine
858 3138 996 3189 sciebant:
1022 3137 1128 3191 under·
1232 3207 1234 3214 γ

121 3243 280 3297 messenger
297 3227 357 3279 that
373 3225 419 3278 the
439 3234 596 3279 movement
646 3226 724 3277 stood
732 3224 778 3277 the
789 3224 875 3277 Latin
888 3223 1034 3293 languagc.
