2470 3712
179 252 216 298 12
524 239 641 292 LATIN
653 239 657 246 '
668 239 829 291 READER

175 419 256 480 mihi
283 417 480 482 maledicit.”
538 418 647 499 Saepe
675 417 767 480 locus
797 425 830 480 et
860 426 993 500 tempus
1025 417 1200 481 homines

174 523 308 586 timidos
325 521 433 586 reddit
448 521 612 584 audrices.¹

491 782 525 850 6.
578 776 676 873 Sz'lly
698 775 859 875 Enmz'ty

221 945 261 1008 In
277 946 395 1009 eidem
412 950 489 1008 navi
504 955 600 1008 erant
615 945 681 1006 duo
703 943 862 1019 homines,
881 953 938 1026 qui
960 943 1193 1007 inimicissimi

175 1058 280 1112 erant.
311 1034 412 1114 Unus
422 1056 536 1111 eorum
546 1048 557 1082 ²
568 1049 601 1110 in
615 1054 722 1130 prdri,
731 1047 835 1110 alter⁸
846 1047 881 1108 in
891 1046 1017 1129 puppi⁴
1029 1047 1189 1110 sedebat.

151 1139 376 1234 sTempestds
399 1151 519 1233 ingens
543 1150 634 1214 orta⁸
649 1160 710 1213 est.
758 1149 885 1215 Omnes
907 1150 949 1212 de
971 1157 1039 1213 viui
1062 1150 1189 1232 despe-

175 1256 302 1320 rdbant.
350 1256 385 1319 Is
408 1265 465 1339 qui
481 1255 515 1317 in
531 1263 637 1336 puppi
658 1263 730 1317 erat
753 1253 1009 1335 gubernzitdrem
1029 1256 1186 1336 rogavit:

177 1365 196 1392 “
206 1361 293 1425 Utra
309 1360 408 1442 pars⁶
419 1360 512 1423 nssavis
527 1361 617 1441 prius
634 1356 885 1439 submergEtur⁷
896 1357 907 1419 t
919 1358 936 1383 ”
989 1359 1185 1440 Respondit

175 1464 397 1546 gubernator:
423 1469 441 1496 “
454 1463 583 1526 Prdra.”
630 1463 716 1524 Tum
733 1462 826 1524 ille⁸z
854 1466 873 1494 “
885 1461 978 1525 Iam⁹
996 1482 1084 1524 mors
1098 1463 1184 1525 mihi

175 1568 262 1631 ndn⁹
277 1567 418 1632 molesta
432 1576 492 1642 est,
510 1586 587 1628 nam
604 1564 729 1628 inimici
743 1573 809 1628 mei
824 1575 964 1629 mortem
980 1566 1134 1628 videbd.’'

373 1847 403 1920 7.
463 1827 581 1898 When
614 1826 651 1898 T
645 1825 765 1897 breves
788 1824 884 1896 Fall
906 1824 986 1897 Out

138 2028 165 2059 10
221 1995 297 2057 Duo
322 1995 482 2068 homines,
503 2001 560 2075 qui
586 2000 651 2054 dni
661 1992 681 2026 ¹⁰
703 1993 765 2056 iter
789 1991 966 2080 faciebant,
988 1989 1115 2054 asinum
1140 1992 1175 2055 in

174 2097 351 2162 solitddine
367 2098 550 2178 conspicati
569 2107 655 2160 sunt.
702 2095 894 2158 Accurrunt
910 2095 987 2158 laeti
997 2095 1014 2128 ¹¹
1037 2104 1071 2158 et
1089 2106 1175 2159 uter-

145 2223 147 2226 ·
175 2222 239 2284 que
248 2201 269 2236 ¹²
287 2221 363 2264 eum
388 2201 450 2263 sibi
472 2201 641 2263 vindicare
663 2200 783 2280 coepit.
829 2198 919 2260 Dum
941 2206 1020 2262 vero
1041 2210 1175 2262 conten·

211 2388 234 2422 r.
260 2371 349 2422 reddit
381 2371 511 2421 audites:
547 2369 648 2421 render
753 2373 779 2418 6.
804 2370 866 2420 utre
882 2381 961 2433 pars:
983 2366 1070 2419 which
1080 2370 1176 2436 part?

173 2457 240 2510 bold.
275 2456 337 2510 The
349 2456 471 2526 singular
479 2455 548 2509 form
560 2454 592 2508 of
600 2454 647 2508 the
754 2470 778 2518 7.
805 2456 880 2519 prius
895 2456 1094 2519 submergetur:
1113 2455 1174 2507 will

174 2543 240 2598 verb
262 2543 285 2596 is
307 2543 374 2597 used
393 2543 509 2597 because
528 2542 575 2594 the
594 2550 648 2594 two
695 2557 732 2610 go
744 2542 834 2594 under
837 2543 917 2611 first.

174 2631 294 2700 subjects
308 2630 436 2700 together
447 2627 648 2698 formasingle
753 2634 778 2679 8.
805 2631 865 2681 turn
894 2630 956 2681 ille:
996 2645 1072 2683 some
1096 2629 1168 2682 word

174 2718 235 2771 idea
248 2717 279 2770 of
287 2719 492 2770 circumstance.
700 2715 754 2768 like
767 2717 906 2782 respondit
923 2715 946 2769 is
959 2715 1131 2770 understood.

209 2822 235 2856 2.
262 2803 391 2858 Partitive
406 2803 540 2856 Genitive.
753 2821 778 2867 9.
805 2805 941 2855 iamndn:
962 2819 997 2856 no
1009 2802 1105 2872 longer.

209 2909 234 2956 3.
259 2891 400 2944 theother.
737 2908 777 2943 10.
804 2890 972 2956 Anadverb‚
985 2889 1105 2959 together.

209 2998 235 3045 4.
260 2979 331 3032 This
350 2996 433 3044 noun,
446 2978 500 3031 like
521 2980 610 3044 nivis,
623 2978 647 3031 is
737 2994 776 3030 11.
793 2977 924 3049 joyfully,
964 2975 1006 3030 sor
1054 2977 1163 3048 English

175 3084 229 3122 one
242 3065 274 3120 os
289 3066 337 3120 the
354 3067 364 3117 i
382 3075 466 3119 stems
484 3066 543 3118 that
561 3065 647 3118 retain
701 3081 776 3119 more
795 3064 869 3119 osten
888 3081 951 3117 uses
970 3080 1006 3117 an
1025 3064 1119 3118 adverb
1134 3065 1161 3118 in

175 3163 247 3209 most
259 3154 291 3207 of
300 3154 347 3207 the
359 3155 369 3204 i
382 3152 476 3207 forms.
699 3152 766 3205 such
786 3151 967 3220 expressions.

67 3266 71 3272 ·
209 3258 235 3306 5.
262 3243 345 3294 From
357 3242 435 3306 orior,
447 3242 549 3309 spring
558 3243 606 3308 up.
734 3256 773 3291 ra.
799 3238 863 3291 each
876 3239 911 3310 os
918 3239 962 3291 the
973 3244 1028 3291 two
1040 3255 1069 3292 or
1079 3240 1139 3292 both.
