<?xml version="1.0" encoding="UTF-8"?>
<!DOCTYPE html PUBLIC "-//W3C//DTD XHTML 1.0 Transitional//EN"
    "http://www.w3.org/TR/xhtml1/DTD/xhtml1-transitional.dtd">
<html xmlns="http://www.w3.org/1999/xhtml" xml:lang="en" lang="en">
 <head>
  <title>
</title>
<meta http-equiv="Content-Type" content="text/html;charset=utf-8" />
  <meta name='ocr-system' content='tesseract 3.04.00' />
  <meta name='ocr-capabilities' content='ocr_page ocr_carea ocr_par ocr_line ocrx_word'/>
</head>
<body>
  <div class='ocr_page' id='page_1' title='image "./alatinreadereas00gallgoog_0064.png"; bbox 0 0 2480 3702; ppageno 0'>
   <div class='ocr_carea' id='block_1_1' title="bbox 430 237 1082 312">
    <p class='ocr_par' dir='ltr' id='par_1_1' title="bbox 430 237 1082 312">
     <span class='ocr_line' id='line_1_1' title="bbox 430 237 1082 312; baseline 0 -22"><span class='ocrx_word' id='word_1_1' title='bbox 430 237 546 291; x_wconf 77' lang='lat' dir='ltr'>mnu</span> <span class='ocrx_word' id='word_1_2' title='bbox 573 239 735 291; x_wconf 70' lang='lat' dir='ltr'>sannen</span> <span class='ocrx_word' id='word_1_3' title='bbox 1043 244 1082 312; x_wconf 81' lang='lat'>57</span> 
     </span>
    </p>
   </div>
   <div class='ocr_carea' id='block_1_2' title="bbox 74 415 1107 1330">
    <p class='ocr_par' dir='ltr' id='par_1_2' title="bbox 74 415 1107 1330">
     <span class='ocr_line' id='line_1_2' title="bbox 76 415 1084 500; baseline 0.002 -22"><span class='ocrx_word' id='word_1_4' title='bbox 76 418 183 498; x_wconf 87' lang='lat' dir='ltr'>magis</span> <span class='ocrx_word' id='word_1_5' title='bbox 208 436 309 499; x_wconf 90' lang='lat' dir='ltr'>quam</span> <span class='ocrx_word' id='word_1_6' title='bbox 333 436 397 498; x_wconf 87' lang='lat' dir='ltr'>ego</span> <span class='ocrx_word' id='word_1_7' title='bbox 420 425 545 500; x_wconf 89' lang='lat' dir='ltr'>quanta</span> <span class='ocrx_word' id='word_1_8' title='bbox 570 417 713 479; x_wconf 88' lang='lat' dir='ltr'>Etrusca</span> <span class='ocrx_word' id='word_1_9' title='bbox 734 424 786 481; x_wconf 74' lang='lat' dir='ltr'>res</span> <span class='ocrx_word' id='word_1_10' title='bbox 803 415 890 480; x_wconf 76' lang='lat' dir='ltr'>circi</span> <span class='ocrx_word' id='word_1_11' title='bbox 906 423 967 480; x_wconf 75' lang='lat' dir='ltr'>nos</span> <span class='ocrx_word' id='word_1_12' title='bbox 983 424 1084 500; x_wconf 71' lang='lat' dir='ltr'>teque</span> 
     </span>
     <span class='ocr_line' id='line_1_3' title="bbox 77 520 1082 604; baseline 0 -22"><span class='ocrx_word' id='word_1_13' title='bbox 77 520 220 583; x_wconf 88' lang='lat' dir='ltr'>maxime</span> <span class='ocrx_word' id='word_1_14' title='bbox 252 521 303 595; x_wconf 90' lang='lat' dir='ltr'>sit,</span> <span class='ocrx_word' id='word_1_15' title='bbox 328 520 484 604; x_wconf 90' lang='lat' dir='ltr'>quoniam</span> <span class='ocrx_word' id='word_1_16' title='bbox 516 521 652 603; x_wconf 88' lang='lat' dir='ltr'>propior</span> <span class='ocrx_word' id='word_1_17' title='bbox 681 540 718 583; x_wconf 91' lang='lat' dir='ltr'>es</span> <span class='ocrx_word' id='word_1_18' title='bbox 748 520 889 583; x_wconf 87' lang='lat' dir='ltr'>Tuscis¹</span> <span class='ocrx_word' id='word_1_19' title='bbox 937 521 1082 584; x_wconf 91' lang='lat' dir='ltr'>Multum</span> 
     </span>
     <span class='ocr_line' id='line_1_4' title="bbox 76 623 1081 706; baseline 0.001 -20"><span class='ocrx_word' id='word_1_20' title='bbox 76 624 123 686; x_wconf 89' lang='lat' dir='ltr'>illi</span> <span class='ocrx_word' id='word_1_21' title='bbox 138 630 238 700; x_wconf 73' lang='lat' dir='ltr'>terrai,</span> <span class='ocrx_word' id='word_1_22' title='bbox 255 623 433 706; x_wconf 76' lang='lat' dir='ltr'>plurimum</span> <span class='ocrx_word' id='word_1_23' title='bbox 451 634 535 686; x_wconf 90' lang='lat' dir='ltr'>mari</span> <span class='ocrx_word' id='word_1_24' title='bbox 551 632 701 706; x_wconf 91' lang='lat' dir='ltr'><strong>possunt.</strong></span> <span class='ocrx_word' id='word_1_25' title='bbox 751 625 883 687; x_wconf 88' lang='lat' dir='ltr'>Memor</span> <span class='ocrx_word' id='word_1_26' title='bbox 905 631 987 700; x_wconf 80' lang='lat' dir='ltr'>esto,</span> <span class='ocrx_word' id='word_1_27' title='bbox 1006 644 1081 687; x_wconf 93' lang='lat' dir='ltr'>cum</span> 
     </span>
     <span class='ocr_line' id='line_1_5' title="bbox 76 726 1083 810; baseline 0 -20"><span class='ocrx_word' id='word_1_28' title='bbox 76 736 211 809; x_wconf 85' lang='lat' dir='ltr'>signum</span> <span class='ocrx_word' id='word_1_29' title='bbox 227 747 362 809; x_wconf 89' lang='lat' dir='ltr'>pugnae</span> <span class='ocrx_word' id='word_1_30' title='bbox 377 727 482 803; x_wconf 86' lang='lat' dir='ltr'>dabis,</span> <span class='ocrx_word' id='word_1_31' title='bbox 497 728 657 791; x_wconf 77' lang='lat' dir='ltr'>Etruscos</span> <span class='ocrx_word' id='word_1_32' title='bbox 674 728 734 791; x_wconf 74' lang='lat' dir='ltr'>his</span> <span class='ocrx_word' id='word_1_33' title='bbox 750 727 834 790; x_wconf 79' lang='lat' dir='ltr'>duas</span> <span class='ocrx_word' id='word_1_34' title='bbox 850 726 939 790; x_wconf 71' lang='lat' dir='ltr'>acies</span> <span class='ocrx_word' id='word_1_35' title='bbox 956 735 1083 810; x_wconf 78' lang='lat' dir='ltr'>specta·</span> 
     </span>
     <span class='ocr_line' id='line_1_6' title="bbox 75 830 1107 914; baseline 0.003 -21"><span class='ocrx_word' id='word_1_36' title='bbox 75 838 171 894; x_wconf 79' lang='lat' dir='ltr'>turos</span> <span class='ocrx_word' id='word_1_37' title='bbox 189 851 274 907; x_wconf 89' lang='lat' dir='ltr'>esse,</span> <span class='ocrx_word' id='word_1_38' title='bbox 296 841 331 895; x_wconf 93' lang='lat' dir='ltr'>ut</span> <span class='ocrx_word' id='word_1_39' title='bbox 352 831 461 895; x_wconf 78' lang='lat' dir='ltr'>fessos</span> <span class='ocrx_word' id='word_1_40' title='bbox 482 832 731 914; x_wconf 76' lang='lat' dir='ltr'>confectosque,</span> <span class='ocrx_word' id='word_1_41' title='bbox 749 830 848 894; x_wconf 93' lang='lat' dir='ltr'>simul</span> <span class='ocrx_word' id='word_1_42' title='bbox 870 838 1029 895; x_wconf 77' lang='lat' dir='ltr'>victorem</span> <span class='ocrx_word' id='word_1_43' title='bbox 1049 842 1107 896; x_wconf 83' lang='lat' dir='ltr'>ets</span> 
     </span>
     <span class='ocr_line' id='line_1_7' title="bbox 74 935 1083 1018; baseline -0.003 -18"><span class='ocrx_word' id='word_1_44' title='bbox 74 942 210 1010; x_wconf 90' lang='lat' dir='ltr'>victum,</span> <span class='ocrx_word' id='word_1_45' title='bbox 243 935 489 1017; x_wconf 86' lang='lat' dir='ltr'>adgrediantur.</span> <span class='ocrx_word' id='word_1_46' title='bbox 549 936 677 1017; x_wconf 85' lang='lat' dir='ltr'>Itaque,</span> <span class='ocrx_word' id='word_1_47' title='bbox 710 937 876 1018; x_wconf 90' lang='lat' dir='ltr'>quoniam,</span> <span class='ocrx_word' id='word_1_48' title='bbox 909 942 975 999; x_wconf 74' lang='lat' dir='ltr'>non</span> <span class='ocrx_word' id='word_1_49' title='bbox 1008 955 1083 998; x_wconf 91' lang='lat' dir='ltr'>con-</span> 
     </span>
     <span class='ocr_line' id='line_1_8' title="bbox 75 1038 1082 1122; baseline 0 -20"><span class='ocrx_word' id='word_1_50' title='bbox 75 1038 183 1103; x_wconf 84' lang='lat' dir='ltr'>tenti²</span> <span class='ocrx_word' id='word_1_51' title='bbox 213 1038 365 1104; x_wconf 76' lang='lat' dir='ltr'>libertate</span> <span class='ocrx_word' id='word_1_52' title='bbox 395 1046 495 1117; x_wconf 77' lang='lat' dir='ltr'>certi,</span> <span class='ocrx_word' id='word_1_53' title='bbox 523 1039 558 1102; x_wconf 92' lang='lat' dir='ltr'>in</span> <span class='ocrx_word' id='word_1_54' title='bbox 587 1039 723 1102; x_wconf 90' lang='lat' dir='ltr'>dubiam</span> <span class='ocrx_word' id='word_1_55' title='bbox 754 1040 874 1122; x_wconf 89' lang='lat' dir='ltr'>imperi</span> <span class='ocrx_word' id='word_1_56' title='bbox 904 1038 1082 1122; x_wconf 86' lang='lat' dir='ltr'>servitique</span> 
     </span>
     <span class='ocr_line' id='line_1_9' title="bbox 74 1142 1082 1226; baseline 0.002 -22"><span class='ocrx_word' id='word_1_57' title='bbox 74 1143 204 1207; x_wconf 79' lang='lat' dir='ltr'>aleam⁸</span> <span class='ocrx_word' id='word_1_58' title='bbox 224 1153 319 1219; x_wconf 78' lang='lat' dir='ltr'>imuS,</span> <span class='ocrx_word' id='word_1_59' title='bbox 337 1144 509 1208; x_wconf 74' lang='lat' dir='ltr'>ineimus⁴</span> <span class='ocrx_word' id='word_1_60' title='bbox 527 1145 671 1226; x_wconf 83' lang='lat' dir='ltr'>aliquam</span> <span class='ocrx_word' id='word_1_61' title='bbox 688 1142 775 1205; x_wconf 89' lang='lat' dir='ltr'>viam</span> <span class='ocrx_word' id='word_1_62' title='bbox 795 1149 861 1226; x_wconf 75' lang='lat' dir='ltr'>qui</span> <span class='ocrx_word' id='word_1_63' title='bbox 884 1142 955 1206; x_wconf 89' lang='lat' dir='ltr'>sine</span> <span class='ocrx_word' id='word_1_64' title='bbox 978 1142 1082 1206; x_wconf 77' lang='lat' dir='ltr'>multo</span> 
     </span>
     <span class='ocr_line' id='line_1_10' title="bbox 75 1247 572 1330; baseline 0 -20"><span class='ocrx_word' id='word_1_65' title='bbox 75 1247 243 1330; x_wconf 87' lang='lat' dir='ltr'>sanguine</span> <span class='ocrx_word' id='word_1_66' title='bbox 258 1247 393 1311; x_wconf 77' lang='lat' dir='ltr'>decerni</span> <span class='ocrx_word' id='word_1_67' title='bbox 413 1247 572 1329; x_wconf 76' lang='lat' dir='ltr'>possit.&#39;&#39;⁵</span> 
     </span>
    </p>
   </div>
   <div class='ocr_carea' id='block_1_3' title="bbox 236 1431 926 1524">
    <p class='ocr_par' dir='ltr' id='par_1_3' title="bbox 236 1431 926 1524">
     <span class='ocr_line' id='line_1_11' title="bbox 236 1431 926 1524; baseline -0.001 -19"><span class='ocrx_word' id='word_1_68' title='bbox 236 1455 295 1524; x_wconf 87' lang='lat'>49.</span> <span class='ocrx_word' id='word_1_69' title='bbox 356 1431 432 1505; x_wconf 80' lang='lat' dir='ltr'>lee</span> <span class='ocrx_word' id='word_1_70' title='bbox 457 1431 726 1506; x_wconf 33' lang='lat' dir='ltr'>Horatiiland</span> <span class='ocrx_word' id='word_1_71' title='bbox 750 1432 926 1505; x_wconf 80' lang='lat' dir='ltr'>Curiatii</span> 
     </span>
    </p>
   </div>
   <div class='ocr_carea' id='block_1_4' title="bbox 72 1590 1122 1880">
    <p class='ocr_par' dir='ltr' id='par_1_4' title="bbox 72 1590 1122 1880">
     <span class='ocr_line' id='line_1_12' title="bbox 119 1590 1122 1674; baseline -0.005 -19"><span class='ocrx_word' id='word_1_72' title='bbox 119 1591 210 1655; x_wconf 79' lang='lat' dir='ltr'>Res⁶</span> <span class='ocrx_word' id='word_1_73' title='bbox 227 1592 326 1654; x_wconf 80' lang='lat' dir='ltr'>Tullo</span> <span class='ocrx_word' id='word_1_74' title='bbox 342 1590 461 1674; x_wconf 89' lang='lat' dir='ltr'>placet.</span> <span class='ocrx_word' id='word_1_75' title='bbox 511 1592 660 1655; x_wconf 75' lang='lat' dir='ltr'>Fortuna</span> <span class='ocrx_word' id='word_1_76' title='bbox 675 1590 763 1653; x_wconf 87' lang='lat' dir='ltr'>viam</span> <span class='ocrx_word' id='word_1_77' title='bbox 780 1590 985 1666; x_wconf 55' lang='lat' dir='ltr'>monstravit,</span> <span class='ocrx_word' id='word_1_78' title='bbox 1003 1610 1122 1653; x_wconf 80' lang='lat' dir='ltr'>nam10</span> 
     </span>
     <span class='ocr_line' id='line_1_13' title="bbox 72 1693 1080 1776; baseline 0 -19"><span class='ocrx_word' id='word_1_79' title='bbox 72 1695 162 1759; x_wconf 86' lang='lat' dir='ltr'>forte</span> <span class='ocrx_word' id='word_1_80' title='bbox 194 1696 229 1757; x_wconf 89' lang='lat' dir='ltr'>in</span> <span class='ocrx_word' id='word_1_81' title='bbox 260 1694 391 1758; x_wconf 75' lang='lat' dir='ltr'>duobus</span> <span class='ocrx_word' id='word_1_82' title='bbox 418 1693 617 1758; x_wconf 87' lang='lat' dir='ltr'><strong>exercitibus</strong></span> <span class='ocrx_word' id='word_1_83' title='bbox 641 1702 737 1758; x_wconf 87' lang='lat' dir='ltr'>erant</span> <span class='ocrx_word' id='word_1_84' title='bbox 760 1693 928 1776; x_wconf 89' lang='lat' dir='ltr'>trigemini</span> <span class='ocrx_word' id='word_1_85' title='bbox 949 1694 1080 1770; x_wconf 63' lang='lat' dir='ltr'>fratres,</span> 
     </span>
     <span class='ocr_line' id='line_1_14' title="bbox 75 1797 1082 1880; baseline -0.001 -18"><span class='ocrx_word' id='word_1_86' title='bbox 75 1798 211 1862; x_wconf 67' lang='lat' dir='ltr'>Horitii</span> <span class='ocrx_word' id='word_1_87' title='bbox 236 1809 271 1863; x_wconf 90' lang='lat' dir='ltr'>et</span> <span class='ocrx_word' id='word_1_88' title='bbox 298 1799 445 1864; x_wconf 73' lang='lat' dir='ltr'>Curiitii.</span> <span class='ocrx_word' id='word_1_89' title='bbox 493 1799 578 1864; x_wconf 92' lang='lat' dir='ltr'>Cum</span> <span class='ocrx_word' id='word_1_90' title='bbox 606 1799 658 1861; x_wconf 91' lang='lat' dir='ltr'>his</span> <span class='ocrx_word' id='word_1_91' title='bbox 684 1797 811 1880; x_wconf 84' lang='lat' dir='ltr'>agunt⁷</span> <span class='ocrx_word' id='word_1_92' title='bbox 834 1804 931 1879; x_wconf 73' lang='lat' dir='ltr'>reges</span> <span class='ocrx_word' id='word_1_93' title='bbox 958 1809 995 1860; x_wconf 93' lang='lat' dir='ltr'>ut</span> <span class='ocrx_word' id='word_1_94' title='bbox 1021 1806 1082 1880; x_wconf 78' lang='lat' dir='ltr'>pro</span> 
     </span>
    </p>
   </div>
   <div class='ocr_carea' id='block_1_5' title="bbox 72 1902 1121 2400">
    <p class='ocr_par' dir='ltr' id='par_1_5' title="bbox 73 1902 704 1986">
     <span class='ocr_line' id='line_1_15' title="bbox 73 1902 704 1986; baseline 0.002 -21"><span class='ocrx_word' id='word_1_95' title='bbox 73 1909 135 1965; x_wconf 71' lang='lat' dir='ltr'>sua</span> <span class='ocrx_word' id='word_1_96' title='bbox 151 1904 293 1986; x_wconf 91' lang='lat' dir='ltr'>quisque</span> <span class='ocrx_word' id='word_1_97' title='bbox 308 1903 416 1985; x_wconf 78' lang='lat' dir='ltr'>patrii</span> <span class='ocrx_word' id='word_1_98' title='bbox 432 1902 590 1966; x_wconf 87' lang='lat' dir='ltr'>dimicent</span> <span class='ocrx_word' id='word_1_99' title='bbox 605 1902 704 1966; x_wconf 77' lang='lat' dir='ltr'>ferro.</span> 
     </span>
    </p>

    <p class='ocr_par' dir='ltr' id='par_1_6' title="bbox 72 2005 1121 2400">
     <span class='ocr_line' id='line_1_16' title="bbox 117 2005 1081 2089; baseline 0.001 -20"><span class='ocrx_word' id='word_1_100' title='bbox 117 2005 305 2089; x_wconf 87' lang='lat' dir='ltr'>Trigemini</span> <span class='ocrx_word' id='word_1_101' title='bbox 327 2027 421 2069; x_wconf 88' lang='lat' dir='ltr'>arma</span> <span class='ocrx_word' id='word_1_102' title='bbox 443 2008 590 2088; x_wconf 87' lang='lat' dir='ltr'>capiunt,</span> <span class='ocrx_word' id='word_1_103' title='bbox 607 2016 642 2070; x_wconf 91' lang='lat' dir='ltr'>et</span> <span class='ocrx_word' id='word_1_104' title='bbox 664 2007 698 2069; x_wconf 93' lang='lat' dir='ltr'>in</span> <span class='ocrx_word' id='word_1_105' title='bbox 722 2005 869 2069; x_wconf 91' lang='lat' dir='ltr'>medium</span> <span class='ocrx_word' id='word_1_106' title='bbox 892 2005 978 2070; x_wconf 88' lang='lat' dir='ltr'>inter</span> <span class='ocrx_word' id='word_1_107' title='bbox 997 2006 1081 2070; x_wconf 76' lang='lat' dir='ltr'>duas</span> 
     </span>
     <span class='ocr_line' id='line_1_17' title="bbox 72 2109 1121 2193; baseline -0.004 -19"><span class='ocrx_word' id='word_1_108' title='bbox 72 2109 162 2174; x_wconf 75' lang='lat' dir='ltr'>acies</span> <span class='ocrx_word' id='word_1_109' title='bbox 193 2110 389 2193; x_wconf 73' lang='lat' dir='ltr'>procedunt.</span> <span class='ocrx_word' id='word_1_110' title='bbox 452 2111 557 2192; x_wconf 80' lang='lat' dir='ltr'>Signo</span> <span class='ocrx_word' id='word_1_111' title='bbox 595 2110 683 2187; x_wconf 78' lang='lat' dir='ltr'>dato,</span> <span class='ocrx_word' id='word_1_112' title='bbox 720 2119 807 2174; x_wconf 87' lang='lat' dir='ltr'>terni</span> <span class='ocrx_word' id='word_1_113' title='bbox 838 2111 976 2173; x_wconf 72' lang='lat' dir='ltr'>iuvenes</span> <span class='ocrx_word' id='word_1_114' title='bbox 1007 2130 1121 2183; x_wconf 78' lang='lat' dir='ltr'>con-15</span> 
     </span>
     <span class='ocr_line' id='line_1_18' title="bbox 73 2213 1082 2295; baseline 0 -18"><span class='ocrx_word' id='word_1_115' title='bbox 73 2223 221 2277; x_wconf 88' lang='lat' dir='ltr'>currunt.</span> <span class='ocrx_word' id='word_1_116' title='bbox 269 2213 388 2278; x_wconf 84' lang='lat' dir='ltr'>Statim</span> <span class='ocrx_word' id='word_1_117' title='bbox 413 2215 481 2278; x_wconf 93' lang='lat' dir='ltr'>duo</span> <span class='ocrx_word' id='word_1_118' title='bbox 506 2215 650 2277; x_wconf 59' lang='lat' dir='ltr'>Romani</span> <span class='ocrx_word' id='word_1_119' title='bbox 672 2215 757 2277; x_wconf 90' lang='lat' dir='ltr'>alius</span> <span class='ocrx_word' id='word_1_120' title='bbox 780 2234 881 2295; x_wconf 89' lang='lat' dir='ltr'>super</span> <span class='ocrx_word' id='word_1_121' title='bbox 904 2214 1005 2276; x_wconf 88' lang='lat' dir='ltr'>alium</span> <span class='ocrx_word' id='word_1_122' title='bbox 1030 2233 1082 2277; x_wconf 88' lang='lat' dir='ltr'>ex·</span> 
     </span>
     <span class='ocr_line' id='line_1_19' title="bbox 73 2317 1016 2400; baseline 0.001 -20"><span class='ocrx_word' id='word_1_123' title='bbox 73 2324 242 2400; x_wconf 69' lang='lat' dir='ltr'>spirantes</span> <span class='ocrx_word' id='word_1_124' title='bbox 257 2318 459 2383; x_wconf 74' lang='lat' dir='ltr'>ceciderunt.</span> <span class='ocrx_word' id='word_1_125' title='bbox 504 2318 590 2381; x_wconf 71' lang='lat' dir='ltr'>Tres</span> <span class='ocrx_word' id='word_1_126' title='bbox 606 2317 733 2380; x_wconf 72' lang='lat' dir='ltr'>Albani</span> <span class='ocrx_word' id='word_1_127' title='bbox 748 2319 914 2380; x_wconf 74' lang='lat' dir='ltr'>vulnerati</span> <span class='ocrx_word' id='word_1_128' title='bbox 929 2326 1016 2381; x_wconf 90' lang='lat' dir='ltr'>sunt.</span> 
     </span>
    </p>
   </div>
   <div class='ocr_carea' id='block_1_6' title="bbox 70 2450 1081 3304">
    <p class='ocr_par' dir='ltr' id='par_1_7' title="bbox 70 2450 1081 2872">
     <span class='ocr_line' id='line_1_20' title="bbox 119 2450 1081 2521; baseline 0 -16"><span class='ocrx_word' id='word_1_129' title='bbox 119 2471 144 2505; x_wconf 88' lang='lat'>1.</span> <span class='ocrx_word' id='word_1_130' title='bbox 169 2454 278 2521; x_wconf 79' lang='lat' dir='ltr'>propior</span> <span class='ocrx_word' id='word_1_131' title='bbox 325 2455 446 2507; x_wconf 76' lang='lat' dir='ltr'>Tuscis:</span> <span class='ocrx_word' id='word_1_132' title='bbox 504 2453 552 2508; x_wconf 89' lang='lat' dir='ltr'>the</span> <span class='ocrx_word' id='word_1_133' title='bbox 648 2469 673 2518; x_wconf 85' lang='lat'>5.</span> <span class='ocrx_word' id='word_1_134' title='bbox 700 2455 807 2506; x_wconf 75' lang='lat' dir='ltr'>decerni</span> <span class='ocrx_word' id='word_1_135' title='bbox 824 2453 928 2519; x_wconf 82' lang='lat' dir='ltr'>possit:</span> <span class='ocrx_word' id='word_1_136' title='bbox 949 2450 994 2506; x_wconf 78' lang='lat' dir='ltr'>the</span> <span class='ocrx_word' id='word_1_137' title='bbox 1010 2457 1081 2505; x_wconf 72' lang='lat' dir='ltr'>mat-</span> 
     </span>
     <span class='ocr_line' id='line_1_21' title="bbox 73 2539 864 2595; baseline -0.001 -2"><span class='ocrx_word' id='word_1_138' title='bbox 73 2541 186 2594; x_wconf 83' lang='lat' dir='ltr'>Roman</span> <span class='ocrx_word' id='word_1_139' title='bbox 233 2539 334 2595; x_wconf 90' lang='lat' dir='ltr'>should</span> <span class='ocrx_word' id='word_1_140' title='bbox 381 2540 551 2594; x_wconf 85' lang='lat' dir='ltr'>understand</span> <span class='ocrx_word' id='word_1_141' title='bbox 601 2545 645 2594; x_wconf 79' lang='lat' dir='ltr'>ter</span> <span class='ocrx_word' id='word_1_142' title='bbox 656 2557 708 2593; x_wconf 85' lang='lat' dir='ltr'>can</span> <span class='ocrx_word' id='word_1_143' title='bbox 721 2541 750 2593; x_wconf 87' lang='lat' dir='ltr'>be</span> <span class='ocrx_word' id='word_1_144' title='bbox 761 2539 864 2593; x_wconf 80' lang='lat' dir='ltr'>settled.</span> 
     </span>
     <span class='ocr_line' id='line_1_22' title="bbox 71 2625 1080 2698; baseline 0 -18"><span class='ocrx_word' id='word_1_145' title='bbox 71 2627 121 2680; x_wconf 90' lang='lat' dir='ltr'>the</span> <span class='ocrx_word' id='word_1_146' title='bbox 139 2626 294 2697; x_wconf 85' lang='lat' dir='ltr'>dangerous</span> <span class='ocrx_word' id='word_1_147' title='bbox 312 2625 444 2682; x_wconf 89' lang='lat' dir='ltr'>situation</span> <span class='ocrx_word' id='word_1_148' title='bbox 462 2626 551 2682; x_wconf 91' lang='lat' dir='ltr'>better</span> <span class='ocrx_word' id='word_1_149' title='bbox 645 2634 671 2679; x_wconf 81' lang='lat'>⁶.</span> <span class='ocrx_word' id='word_1_150' title='bbox 698 2631 755 2679; x_wconf 76' lang='lat' dir='ltr'>ris:</span> <span class='ocrx_word' id='word_1_151' title='bbox 779 2626 863 2680; x_wconf 84' lang='lat' dir='ltr'>refers</span> <span class='ocrx_word' id='word_1_152' title='bbox 890 2633 920 2680; x_wconf 93' lang='lat' dir='ltr'>to</span> <span class='ocrx_word' id='word_1_153' title='bbox 947 2626 995 2681; x_wconf 90' lang='lat' dir='ltr'>the</span> <span class='ocrx_word' id='word_1_154' title='bbox 1016 2643 1080 2698; x_wconf 87' lang='lat' dir='ltr'>sug·</span> 
     </span>
     <span class='ocr_line' id='line_1_23' title="bbox 71 2712 1079 2784; baseline 0.001 -17"><span class='ocrx_word' id='word_1_155' title='bbox 71 2713 149 2768; x_wconf 88' lang='lat' dir='ltr'>since</span> <span class='ocrx_word' id='word_1_156' title='bbox 167 2712 202 2768; x_wconf 87' lang='lat' dir='ltr'>he</span> <span class='ocrx_word' id='word_1_157' title='bbox 217 2730 271 2767; x_wconf 85' lang='lat' dir='ltr'>was</span> <span class='ocrx_word' id='word_1_158' title='bbox 284 2731 379 2769; x_wconf 88' lang='lat' dir='ltr'>nearer</span> <span class='ocrx_word' id='word_1_159' title='bbox 393 2714 441 2768; x_wconf 90' lang='lat' dir='ltr'>the</span> <span class='ocrx_word' id='word_1_160' title='bbox 457 2715 551 2768; x_wconf 87' lang='lat' dir='ltr'>Etrus·</span> <span class='ocrx_word' id='word_1_161' title='bbox 600 2713 708 2784; x_wconf 87' lang='lat' dir='ltr'>gestion</span> <span class='ocrx_word' id='word_1_162' title='bbox 720 2713 751 2768; x_wconf 88' lang='lat' dir='ltr'>of</span> <span class='ocrx_word' id='word_1_163' title='bbox 760 2712 884 2778; x_wconf 90' lang='lat' dir='ltr'>Mettius,</span> <span class='ocrx_word' id='word_1_164' title='bbox 894 2713 953 2766; x_wconf 88' lang='lat' dir='ltr'>that</span> <span class='ocrx_word' id='word_1_165' title='bbox 964 2713 1012 2767; x_wconf 90' lang='lat' dir='ltr'>the</span> <span class='ocrx_word' id='word_1_166' title='bbox 1026 2722 1079 2768; x_wconf 89' lang='lat' dir='ltr'>two</span> 
     </span>
     <span class='ocr_line' id='line_1_24' title="bbox 70 2799 1080 2872; baseline -0.002 -17"><span class='ocrx_word' id='word_1_167' title='bbox 70 2817 150 2855; x_wconf 85' lang='lat' dir='ltr'>cans.</span> <span class='ocrx_word' id='word_1_168' title='bbox 602 2801 683 2871; x_wconf 86' lang='lat' dir='ltr'>kings</span> <span class='ocrx_word' id='word_1_169' title='bbox 702 2800 760 2853; x_wconf 88' lang='lat' dir='ltr'>find</span> <span class='ocrx_word' id='word_1_170' title='bbox 779 2816 796 2853; x_wconf 89' lang='lat' dir='ltr'>a</span> <span class='ocrx_word' id='word_1_171' title='bbox 812 2817 871 2870; x_wconf 89' lang='lat' dir='ltr'>way</span> <span class='ocrx_word' id='word_1_172' title='bbox 890 2799 922 2854; x_wconf 88' lang='lat' dir='ltr'>of</span> <span class='ocrx_word' id='word_1_173' title='bbox 938 2799 1080 2872; x_wconf 87' lang='lat' dir='ltr'>adjusting</span> 
     </span>
    </p>

    <p class='ocr_par' dir='ltr' id='par_1_8' title="bbox 71 2885 1080 3045">
     <span class='ocr_line' id='line_1_25' title="bbox 117 2885 1080 2942; baseline 0.001 -2"><span class='ocrx_word' id='word_1_174' title='bbox 117 2905 143 2940; x_wconf 70' lang='grc' dir='ltr'>ι.</span> <span class='ocrx_word' id='word_1_175' title='bbox 170 2891 307 2941; x_wconf 85' lang='lat' dir='ltr'>contenti:</span> <span class='ocrx_word' id='word_1_176' title='bbox 345 2887 470 2942; x_wconf 87' lang='lat' dir='ltr'>modifies</span> <span class='ocrx_word' id='word_1_177' title='bbox 503 2888 550 2941; x_wconf 90' lang='lat' dir='ltr'>the</span> <span class='ocrx_word' id='word_1_178' title='bbox 601 2887 672 2941; x_wconf 88' lang='lat' dir='ltr'>their</span> <span class='ocrx_word' id='word_1_179' title='bbox 696 2885 859 2941; x_wconf 83' lang='lat' dir='ltr'>differences</span> <span class='ocrx_word' id='word_1_180' title='bbox 884 2886 999 2941; x_wconf 88' lang='lat' dir='ltr'>without</span> <span class='ocrx_word' id='word_1_181' title='bbox 1025 2887 1080 2942; x_wconf 93' lang='lat' dir='ltr'>los·</span> 
     </span>
     <span class='ocr_line' id='line_1_26' title="bbox 71 2972 1079 3045; baseline -0.001 -17"><span class='ocrx_word' id='word_1_182' title='bbox 71 2973 181 3045; x_wconf 90' lang='lat' dir='ltr'>subject</span> <span class='ocrx_word' id='word_1_183' title='bbox 198 2975 231 3028; x_wconf 83' lang='lat' dir='ltr'>oi</span> <span class='ocrx_word' id='word_1_184' title='bbox 245 2979 324 3028; x_wconf 80' lang='lat' dir='ltr'>imus.</span> <span class='ocrx_word' id='word_1_185' title='bbox 602 2973 649 3043; x_wconf 88' lang='lat' dir='ltr'>ing</span> <span class='ocrx_word' id='word_1_186' title='bbox 666 2991 698 3028; x_wconf 94' lang='lat' dir='ltr'>so</span> <span class='ocrx_word' id='word_1_187' title='bbox 711 2990 792 3042; x_wconf 90' lang='lat' dir='ltr'>many</span> <span class='ocrx_word' id='word_1_188' title='bbox 806 2972 921 3027; x_wconf 87' lang='lat' dir='ltr'>soldiers</span> <span class='ocrx_word' id='word_1_189' title='bbox 936 2973 997 3027; x_wconf 91' lang='lat' dir='ltr'>that</span> <span class='ocrx_word' id='word_1_190' title='bbox 1014 2974 1079 3044; x_wconf 88' lang='lat' dir='ltr'>they</span> 
     </span>
    </p>

    <p class='ocr_par' dir='ltr' id='par_1_9' title="bbox 70 3058 1079 3220">
     <span class='ocr_line' id='line_1_27' title="bbox 116 3058 1079 3132; baseline -0.001 -18"><span class='ocrx_word' id='word_1_191' title='bbox 116 3079 142 3126; x_wconf 80' lang='lat'>³·</span> <span class='ocrx_word' id='word_1_192' title='bbox 169 3064 271 3115; x_wconf 69' lang='lat' dir='ltr'>aleam</span> <span class='ocrx_word' id='word_1_193' title='bbox 307 3061 444 3132; x_wconf 78' lang='lat' dir='ltr'>struggle,·</span> <span class='ocrx_word' id='word_1_194' title='bbox 479 3061 551 3114; x_wconf 90' lang='lat' dir='ltr'>liter·</span> <span class='ocrx_word' id='word_1_195' title='bbox 602 3060 690 3130; x_wconf 88' lang='lat' dir='ltr'>might</span> <span class='ocrx_word' id='word_1_196' title='bbox 703 3060 770 3114; x_wconf 92' lang='lat' dir='ltr'>both</span> <span class='ocrx_word' id='word_1_197' title='bbox 782 3059 829 3112; x_wconf 84' lang='lat' dir='ltr'>fail</span> <span class='ocrx_word' id='word_1_198' title='bbox 842 3058 935 3113; x_wconf 82' lang='lat' dir='ltr'>before</span> <span class='ocrx_word' id='word_1_199' title='bbox 948 3059 996 3113; x_wconf 87' lang='lat' dir='ltr'>the</span> <span class='ocrx_word' id='word_1_200' title='bbox 1009 3061 1079 3113; x_wconf 89' lang='lat' dir='ltr'>Tus-</span> 
     </span>
     <span class='ocr_line' id='line_1_28' title="bbox 70 3147 676 3220; baseline -0.008 -17"><span class='ocrx_word' id='word_1_201' title='bbox 70 3150 135 3220; x_wconf 87' lang='lat' dir='ltr'>aliy,</span> <span class='ocrx_word' id='word_1_202' title='bbox 148 3167 166 3202; x_wconf 89' lang='lat' dir='ltr'>a</span> <span class='ocrx_word' id='word_1_203' title='bbox 179 3147 270 3202; x_wconf 79' lang='lat' dir='ltr'>throw</span> <span class='ocrx_word' id='word_1_204' title='bbox 279 3150 314 3220; x_wconf 86' lang='lat' dir='ltr'>os</span> <span class='ocrx_word' id='word_1_205' title='bbox 319 3149 365 3202; x_wconf 81' lang='lat' dir='ltr'>the</span> <span class='ocrx_word' id='word_1_206' title='bbox 376 3150 442 3202; x_wconf 66' lang='lat' dir='ltr'>dua.</span> <span class='ocrx_word' id='word_1_207' title='bbox 602 3164 676 3201; x_wconf 89' lang='lat' dir='ltr'>cans.</span> 
     </span>
    </p>

    <p class='ocr_par' dir='ltr' id='par_1_10' title="bbox 115 3235 948 3304">
     <span class='ocr_line' id='line_1_29' title="bbox 115 3235 948 3304; baseline -0.004 -16"><span class='ocrx_word' id='word_1_208' title='bbox 115 3251 143 3302; x_wconf 84' lang='lat'>4.</span> <span class='ocrx_word' id='word_1_209' title='bbox 169 3237 308 3288; x_wconf 73' lang='lat' dir='ltr'>mainus:</span> <span class='ocrx_word' id='word_1_210' title='bbox 327 3235 364 3288; x_wconf 83' lang='lat' dir='ltr'>let</span> <span class='ocrx_word' id='word_1_211' title='bbox 375 3253 407 3288; x_wconf 89' lang='lat' dir='ltr'>us</span> <span class='ocrx_word' id='word_1_212' title='bbox 410 3236 487 3304; x_wconf 81' lang='lat' dir='ltr'>find.</span> <span class='ocrx_word' id='word_1_213' title='bbox 646 3249 671 3298; x_wconf 87' lang='lat'>7.</span> <span class='ocrx_word' id='word_1_214' title='bbox 697 3237 797 3300; x_wconf 79' lang='lat' dir='ltr'>agunt:</span> <span class='ocrx_word' id='word_1_215' title='bbox 818 3248 948 3303; x_wconf 79' lang='lat' dir='ltr'>arrange.</span> 
     </span>
    </p>
   </div>
   <div class='ocr_carea' id='block_1_7' title="bbox 0 0 1244 3702">
    <p class='ocr_par' dir='ltr' id='par_1_11' title="bbox 0 0 1244 3702">
     <span class='ocr_line' id='line_1_30' title="bbox 0 0 1244 3702; baseline 0 2"><span class='ocrx_word' id='word_1_216' title='bbox 0 0 1244 3702; x_wconf 95' lang='lat' dir='ltr'> </span> 
     </span>
    </p>
   </div>
  </div>
 </body>
</html>
