2480 3702
154 229 196 292 86
502 235 619 288 LArru
647 235 807 288 hannon

153 414 330 496 deprendit
355 415 386 476 in
413 421 542 477 summa
569 415 680 477 ulmo.l
739 415 808 480 Nat
834 414 934 497 lupus
957 415 1043 479 inter
1066 423 1160 491 ονὲε,

153 519 330 599 fulvosque
373 520 465 580 vehit
508 519 598 581 unda
631 518 754 583 leones.
813 519 996 583 Pulsibant
1035 519 1161 583 fluctis

154 628 312 684 montina
339 621 522 685 cacrimina.
577 621 726 686 Maxima
754 643 832 705 pars
862 623 1034 686 hominum
1066 623 1162 685 unda

153 727 298 807 rapitur;
333 725 473 807 quibus²
500 726 591 788 unda
620 727 781 816 pepercit,
806 726 880 789 illos
905 726 1019 789 domat
1042 724 1161 808 inopia

131 837 268 897 svictis.

198 933 298 996 Mons
322 933 378 996 uhi
400 934 585 997 Pamisus’
604 936 688 1017 petit
714 945 812 1010 astra,
837 934 897 997 εδ*
916 934 1008 998 venit
1027 935 1162 998 Deuca‘r-

153 1036 220 1099 lion
245 1057 320 1100 cum
345 1037 497 1118 coniuge,
516 1039 652 1122 Pyrrha,
670 1058 747 1100 nam
767 1039 898 1101 cetera⁶
913 1045 1041 1101 texerat
1056 1058 1158 1120 aqua.

154 1140 215 1202 Ille
231 1149 347 1205 amitus
363 1148 460 1223 aequi
475 1141 578 1219 iuit3⁸
600 1141 737 1205 deorum
754 1149 906 1206 metuens
923 1140 986 1205 iuit
1002 1141 1065 1204 illa.
1107 1143 1160 1207 Ut

154 1245 306 1326 luppiter
328 1245 419 1308 videt
442 1264 619 1327 superesse
641 1245 747 1310 virum
765 1246 813 1309 'de
827 1255 877 1308 tot
893 1245 1024 1308 milibus
1041 1252 1159 1322 iinum,

116 1357 186 1411 met
217 1369 392 1431 superesse
415 1349 457 1412 de
480 1359 529 1412 tot
552 1349 684 1412 milibus
708 1356 818 1425 imam,
842 1349 1005 1412 innocuos
1028 1349 1158 1426 ambos,

152 1453 295 1515 cultores
317 1454 462 1516 niminis
480 1453 606 1529 ambos,
624 1452 738 1517 nubila
761 1452 898 1528 disiecit,
916 1452 1037 1516 nimbis
1053 1453 1161 1535 Aqui-

153 1556 227 1619 lone
250 1564 395 1631 remotis,
417 1556 510 1620 caelo
532 1564 638 1621 terris
665 1557 810 1620 ostendit
832 1566 866 1620 ct
890 1557 1027 1620 aethera
1048 1564 1158 1620 terris.

154 1661 226 1724 Nec
250 1661 349 1723 maris
371 1670 420 1722 ira
443 1672 565 1724 manet.
615 1662 743 1725 Mulcet
762 1668 867 1744 aquas
891 1669 1000 1724 rector
1022 1660 1159 1743 pelagi.⁷

152 1763 350 1827 Caeruleum
374 1765 513 1826 Tritona
537 1775 645 1841 vocat,
668 1765 884 1846 conchaeque
906 1773 1038 1828 sonanti
1057 1771 1160 1846 inspi-

114 1874 224 1938 15rire
239 1867 339 1931 iubet.
372 1867 476 1948 Signo
488 1867 575 1943 dato,
589 1868 726 1931 flumina
736 1868 912 1932 subsidunt
925 1889 933 1944 ;
950 1868 1051 1931 colles
1067 1877 1159 1930 exire

150 1970 313 2033 videntur.
364 1971 437 2034 Iam
468 1992 560 2036 mare
598 1972 675 2035 litus
705 1971 815 2035 habet.
878 1972 993 2052 Surgit
1023 1971 1157 2034 humus.

153 2073 316 2138 Redditus
339 2074 427 2138 orbis
451 2085 531 2139 erat.
580 2075 690 2158 Quem
714 2085 891 2158 postquam
911 2074 994 2137 vidit
1009 2061 1156 2150 inanem,

152 2175 337 2241 Deucalion
354 2178 399 2241 ita
416 2173 576 2262 Pyrrham
594 2180 747 2242 adfitur:

196 2267 258 2345 “6
279 2282 431 2356 coniunx,
450 2268 480 2346 ὁ
498 2284 624 2345 femina
645 2283 715 2346 sola
737 2292 915 2364 superstes,
934 2289 995 2345 nos
1011 2281 1078 2344 duo
1100 2302 1158 2364 po

111 2413 141 2444 ιο
150 2386 248 2468 pulus
261 2406 376 2448 sumus
389 2407 396 2462 ;
422 2388 570 2466 possedit
583 2395 693 2450 cetera
703 2395 836 2469 pontus.
884 2385 984 2449 Nunc
996 2405 1105 2466 genus
1121 2385 1156 2447 in

195 2567 218 2601 1.
245 2551 274 2602 in
293 2555 400 2602 summi
421 2552 509 2602 ulmi:
532 2552 562 2602 in
582 2550 626 2602 tlte
677 2558 740 2620 cept
752 2549 807 2603 this
821 2549 926 2620 height.

148 2641 195 2704 top
207 2637 286 2707 osan
299 2636 358 2690 clm.
721 2643 744 2688 ⁶.
770 2640 958 2702 animaequi
971 2635 1042 2688 fuit:
1063 2653 1156 2689 wasa

194 2741 218 2774 2.
245 2725 359 2789 quibus:
398 2724 514 2778 indirect
533 2723 626 2794 object
655 2724 801 2794 ,louerof
816 2723 1003 2793 uprightness,
1016 2723 1062 2776 i.e.
1076 2723 1160 2776 loved

148 2810 181 2864 or'
203 2813 328 2876 pepercit.
375 2812 437 2865 The
462 2811 627 2865 antecedent
678 2810 862 2880 uprrjglztness.

148 2896 180 2951 of
190 2897 237 2951 the
251 2898 362 2951 relative
376 2899 398 2952 is
412 2901 482 2951 illis.
721 2915 745 2962 7.
772 2900 857 2951 fictor
875 2899 982 2964 pelagi:
1014 2899 1155 2966 Neptune,

193 3002 217 3047 3·
245 2988 397 3037 Pamisus:
421 2985 468 3039 the
483 2985 625 3038 mountain
677 2985 738 3039 who
752 2983 853 3040 directs
867 2983 909 3038 his
922 2992 1082 3053 trumpeter,
1097 2983 1156 3038 Tri-

148 3071 238 3124 where
253 3071 353 3140 Delphi
366 3089 429 3125 was.
676 3081 732 3139 ton,
752 3081 780 3125 to
799 3072 872 3126 blow
890 3072 950 3125 into
972 3070 1016 3124 his
1041 3070 1156 3141 ringiug

192 3175 218 3220 4.
242 3163 286 3210 ei:
302 3175 337 3210 an
351 3158 464 3213 adverb.
675 3160 743 3212 shell
761 3160 815 3212 and
834 3176 866 3213 so
884 3158 974 3228 signal
993 3159 1041 3211 the
1061 3166 1153 3212 return

193 3259 218 3305 ⁵·
245 3247 349 3296 citera:
369 3247 413 3296 i.e.
424 3245 459 3295 all
472 3245 564 3313 places
579 3263 624 3298 ex·
675 3245 705 3299 os
716 3245 762 3298 the
775 3254 881 3299 waters.
