2470 3712
141 228 183 290 42
278 235 280 242 v
489 216 606 269 mmm
633 217 794 270 READER

143 393 233 456 haud
256 412 413 476 umquam
436 394 470 456 in
494 394 568 468 alid,
585 393 645 458 sed
666 395 702 457 in
725 397 926 479 semetips6¹
949 396 1137 462 habendam
1213 402 1217 443 ἵ

143 516 228 561 esse.

187 600 338 677 Avicula‚
355 600 470 684 inquit,
489 611 542 666 est
566 622 678 684 parva,
704 603 757 666 cui
783 613 835 667 est
860 612 984 667 ndmen
1012 611 1141 668 casstta.

144 705 286 769 Habitat
308 705 542 787 nidulaturque
565 704 599 768 in
618 705 797 786 segetibus,
814 713 855 770 εδ
874 707 969 770 iere²
983 716 1142 790 tempore,

119 819 180 886 sut
198 817 337 892 appetat
360 809 478 872 messis
500 808 601 890 pullis
624 808 689 871 iam
712 809 778 872 iam
802 809 1040 891 plitmantibus.
1097 811 1145 873 Ea

144 922 264 977 cassita
288 910 323 975 in
348 911 552 975 sementibus
575 912 663 976 forte
687 911 801 974 nidum
826 912 955 977 iecerat
978 921 1146 996 tempesti-
1216 940 1220 1005 ἶ

143 1016 313 1080 vi6ribus.³
358 1016 748 1097 Proptere5,irs1mentis
772 1014 1040 1092 flavescentibus,
1067 1016 1147 1100 pulli

143 1122 243 1184 etiam
266 1128 347 1183 tunc
369 1119 557 1182 involucres
579 1129 684 1182 erant.

189 1225 280 1288 Dum
299 1224 399 1305 igitur
418 1224 492 1304 ipsa
509 1229 572 1287 iret
588 1232 625 1285 ut
640 1223 750 1286 cibum
772 1224 871 1305 pullis
886 1235 1074 1307 quaereret,
1091 1232 1148 1288 eds

107 1364 135 1396 ω
145 1328 191 1391 ita
214 1337 346 1390 monet:
375 1325 540 1409 “Siquid
563 1326 625 1389 iiet
640 1335 697 1389 aut
712 1326 862 1402 ἀῑοὲῑιιτ,4
881 1325 1147 1404 animadvertite,

145 1442 182 1495 ut
198 1431 287 1507 mihi,
305 1429 362 1492 ubi
377 1429 501 1506 redibf),
518 1428 711 1493 nfintietis.'’

190 1536 356 1599 Dominus
374 1543 527 1616 segetum
547 1533 677 1596 illarum
693 1533 802 1597 filium
816 1545 916 1599 vocat
930 1545 965 1600 et
981 1536 1101 1600 “Vide
1112 1535 1119 1599 i
1131 1535 1148 1560 '¹

145 1639 260 1721 inquit,
279 1643 298 1670 “
308 1637 392 1701 haec
408 1658 506 1719 seges
522 1637 700 1701 emitflruit
715 1647 749 1702 et
764 1646 884 1702 mantis
899 1637 965 1702 iam
982 1638 1148 1721 postulat!
1220 1686 1223 1699 .

148 1743 277 1805 Idcircd
306 1748 389 1817 cris,
414 1740 471 1804 ubi
501 1749 644 1824 primum
674 1739 889 1818 diliculabit‘
915 1747 997 1823 rogi
1024 1748 1151 1805 amicds

109 1882 136 1928 15
147 1851 279 1908 nostrds
295 1855 331 1908 ut
346 1847 484 1909 veniant
498 1854 533 1909 et
549 1845 635 1906 hanc
651 1843 787 1906 messim
803 1846 899 1909 nfibis
915 1845 1076 1908 metant.''

192 1949 288 2012 Haec
313 1947 369 2011 ubi
391 1947 445 2012 ille
466 1948 557 2024 dixit,
573 1947 735 2011 discessit.
776 1948 891 2030 Atque
907 1947 963 2011 ubi
978 1948 1067 2013 redit
1083 1968 1152 2013 cas
1220 1970 1224 1997 ⁸

147 2060 219 2128 sita,
245 2052 328 2135 pulli
354 2052 556 2115 tremibundi
585 2059 683 2114 drant
709 2057 858 2128 matrem,
884 2061 921 2114 ut
944 2052 1010 2114 iam
1037 2051 1151 2115 statim

148 2165 305 2239 properet
330 2157 431 2238 inque
456 2155 559 2219 alium
586 2154 695 2217 locum
722 2161 797 2218 sese
819 2163 980 2237 asportet.
1030 2156 1152 2218 “Nam

147 2258 332 2334 dominus,'’
356 2259 520 2340 inquiunt,
543 2263 561 2291 “
572 2265 697 2320 amictis
715 2259 845 2340 rogavit
863 2265 911 2321 uti
930 2257 1005 2320 lnce
1021 2259 1153 2322 oriente

109 2404 138 2435 ,ο
147 2364 284 2427 veniant
298 2371 332 2426 et
349 2362 507 2425 metant.’'

185 2528 208 2562 1.
234 2512 264 2564 in
281 2511 352 2564 onc's
366 2527 427 2564 own
447 2510 507 2582 sels.
554 2513 622 2563 met
671 2510 898 2582 seatlzeringout.
936 2511 1019 2576 pullis
1027 2511 1155 2575 plfimn-

149 2597 171 2650 is
182 2596 339 2652 sometimes
349 2598 418 2651 used
428 2606 456 2651 to
466 2598 622 2666 emphasize
672 2598 746 2649 tibus
759 2596 782 2650 is
796 2596 924 2651 Ablative
936 2595 1081 2650 Absolute.

149 2684 195 2738 the
224 2701 373 2753 pronouns‚
399 2684 454 2737 and
483 2685 623 2739 occasion·
708 2701 733 2747 3.
760 2685 789 2736 in
810 2684 975 2736 edmontibus
995 2721 1002 2736 .
1025 2719 1032 2736 .
1055 2685 1156 2736 ‚tem-

148 2771 211 2840 ally,
229 2788 259 2825 as
278 2771 350 2837 here,
364 2773 423 2838 ipse
441 2771 465 2824 is
483 2771 573 2826 added
593 2780 622 2825 to
673 2770 879 2836 pestivitribus=
910 2773 941 2824 in
975 2769 1020 2822 tlte
1048 2769 1156 2824 earlier

148 2857 210 2928 give
223 2857 363 2912 increased
377 2859 524 2927 emphasis.
668 2858 765 2927 grain,
777 2858 823 2909 tle.
838 2855 898 2911 that
910 2856 1002 2926 ripens
1015 2856 1123 2910 earlier.

184 2963 208 2996 2.
235 2948 265 2998 οδ
291 2945 347 2996 fere
374 2985 380 2996 .
410 2985 416 2998 .
447 2985 453 2998 .
483 2966 488 2998 :
515 2947 623 3014 usually
708 2962 732 3007 4.
759 2947 784 2995 si
805 2945 869 3010 quid
891 2943 942 2996 fiet
959 2946 1008 2997 aut
1032 2945 1153 2997 moetur:

148 3038 179 3085 at
188 3032 252 3084 such
264 3049 282 3084 a
297 3035 363 3084 time
376 3032 438 3084 tltat
454 3033 498 3084 tlte
511 3033 625 3084 harvest
675 3030 817 3084 whatever
828 3032 853 3083 is
864 3031 931 3084 said
939 3047 972 3083 or
984 3030 1064 3083 done.

148 3122 173 3172 is
185 3119 378 3187 approaching
386 3119 465 3171 when
478 3119 522 3171 tte
530 3136 628 3188 young
710 3133 734 3180 5.
761 3119 808 3169 ubi
829 3121 947 3183 primum
974 3118 1154 3171 dilaculibit:

148 3207 224 3258 birds
241 3222 290 3257 are
300 3206 365 3274 just
382 3222 417 3256 on
435 3204 479 3256 tlte
492 3207 575 3274 point
586 3205 623 3274 of
674 3221 781 3256 assoon
793 3220 827 3256 as
838 3204 897 3256 itis
909 3201 986 3275 light.
