<?xml version="1.0" encoding="UTF-8"?>
<!DOCTYPE html PUBLIC "-//W3C//DTD XHTML 1.0 Transitional//EN"
    "http://www.w3.org/TR/xhtml1/DTD/xhtml1-transitional.dtd">
<html xmlns="http://www.w3.org/1999/xhtml" xml:lang="en" lang="en">
 <head>
  <title>
</title>
<meta http-equiv="Content-Type" content="text/html;charset=utf-8" />
  <meta name='ocr-system' content='tesseract 3.04.00' />
  <meta name='ocr-capabilities' content='ocr_page ocr_carea ocr_par ocr_line ocrx_word'/>
</head>
<body>
  <div class='ocr_page' id='page_1' title='image "./alatinreadereas00gallgoog_0047.png"; bbox 0 0 2470 3712; ppageno 0'>
   <div class='ocr_carea' id='block_1_1' title="bbox 138 86 1217 371">
    <p class='ocr_par' dir='ltr' id='par_1_1' title="bbox 138 86 1217 371">
     <span class='ocr_line' id='line_1_1' title="bbox 138 86 1217 371; baseline -0.004 -85"><span class='ocrx_word' id='word_1_1' title='bbox 138 239 183 302; x_wconf 90' lang='lat'><strong>40</strong></span> <span class='ocrx_word' id='word_1_2' title='bbox 486 227 605 282; x_wconf 69' lang='lat' dir='ltr'><strong>carm</strong></span> <span class='ocrx_word' id='word_1_3' title='bbox 631 227 795 282; x_wconf 66' lang='lat' dir='ltr'><strong>mannan</strong></span> <span class='ocrx_word' id='word_1_4' title='bbox 1210 86 1217 371; x_wconf 78' lang='grc' dir='ltr'>Ι</span> 
     </span>
    </p>
   </div>
   <div class='ocr_carea' id='block_1_2' title="bbox 99 404 1218 2969">
    <p class='ocr_par' dir='ltr' id='par_1_2' title="bbox 137 404 1154 800">
     <span class='ocr_line' id='line_1_2' title="bbox 138 404 1154 486; baseline 0.005 -19"><span class='ocrx_word' id='word_1_5' title='bbox 138 404 181 467; x_wconf 88' lang='lat' dir='ltr'><strong>ad</strong></span> <span class='ocrx_word' id='word_1_6' title='bbox 205 405 320 486; x_wconf 79' lang='lat' dir='ltr'><strong>fugam</strong></span> <span class='ocrx_word' id='word_1_7' title='bbox 346 424 420 468; x_wconf 91' lang='lat' dir='ltr'><strong>sum</strong></span> <span class='ocrx_word' id='word_1_8' title='bbox 444 411 589 468; x_wconf 73' lang='lat' dir='ltr'><strong>corictus.</strong></span> <span class='ocrx_word' id='word_1_9' title='bbox 646 406 695 470; x_wconf 94' lang='lat' dir='ltr'><strong>Ut</strong></span> <span class='ocrx_word' id='word_1_10' title='bbox 718 405 800 468; x_wconf 92' lang='lat' dir='ltr'><strong>mihi</strong></span> <span class='ocrx_word' id='word_1_11' title='bbox 822 413 842 468; x_wconf 74' lang='grc' dir='ltr'>ἑ</span> <span class='ocrx_word' id='word_1_12' title='bbox 865 405 1013 483; x_wconf 75' lang='lat' dir='ltr'><strong>domino,</strong></span> <span class='ocrx_word' id='word_1_13' title='bbox 1038 416 1154 472; x_wconf 91' lang='lat' dir='ltr'><strong>terrae</strong></span> 
     </span>
     <span class='ocr_line' id='line_1_3' title="bbox 138 507 1151 593; baseline 0.004 -23"><span class='ocrx_word' id='word_1_14' title='bbox 138 507 224 570; x_wconf 91' lang='lat' dir='ltr'><strong>illius</strong></span> <span class='ocrx_word' id='word_1_15' title='bbox 244 507 406 589; x_wconf 85' lang='lat' dir='ltr'>praeside,</span> <span class='ocrx_word' id='word_1_16' title='bbox 423 509 563 572; x_wconf 69' lang='lat' dir='ltr'><strong>tritiores</strong></span> <span class='ocrx_word' id='word_1_17' title='bbox 582 509 731 572; x_wconf 88' lang='lat' dir='ltr'><strong>latebrae</strong></span> <span class='ocrx_word' id='word_1_18' title='bbox 750 519 872 586; x_wconf 87' lang='lat' dir='ltr'><strong>essent,</strong></span> <span class='ocrx_word' id='word_1_19' title='bbox 893 511 928 572; x_wconf 92' lang='lat' dir='ltr'><strong>in</strong></span> <span class='ocrx_word' id='word_1_20' title='bbox 948 519 1151 593; x_wconf 75' lang='lat' dir='ltr'><strong>camporum</strong></span> 
     </span>
     <span class='ocr_line' id='line_1_4' title="bbox 137 610 750 676; baseline -0.002 0"><span class='ocrx_word' id='word_1_21' title='bbox 137 621 172 676; x_wconf 91' lang='lat' dir='ltr'><strong>et</strong></span> <span class='ocrx_word' id='word_1_22' title='bbox 187 618 362 676; x_wconf 62' lang='lat' dir='ltr'><strong>arenarum</strong></span> <span class='ocrx_word' id='word_1_23' title='bbox 379 610 574 674; x_wconf 81' lang='lat' dir='ltr'><strong>solitudines</strong></span> <span class='ocrx_word' id='word_1_24' title='bbox 590 623 750 676; x_wconf 81' lang='lat' dir='ltr'><strong>concessi.</strong></span> 
     </span>
     <span class='ocr_line' id='line_1_5' title="bbox 181 714 1148 800; baseline 0.002 -22"><span class='ocrx_word' id='word_1_25' title='bbox 181 715 279 789; x_wconf 90' lang='lat' dir='ltr'><strong>Tum,</strong></span> <span class='ocrx_word' id='word_1_26' title='bbox 296 714 366 778; x_wconf 77' lang='lat' dir='ltr'><strong>sole</strong></span> <span class='ocrx_word' id='word_1_27' title='bbox 381 714 498 778; x_wconf 77' lang='lat' dir='ltr'><strong>rabido</strong></span> <span class='ocrx_word' id='word_1_28' title='bbox 515 725 550 779; x_wconf 90' lang='lat' dir='ltr'><strong>et</strong></span> <span class='ocrx_word' id='word_1_29' title='bbox 571 714 741 796; x_wconf 76' lang='lat' dir='ltr'><strong>flagranti„</strong></span> <span class='ocrx_word' id='word_1_30' title='bbox 751 718 786 779; x_wconf 92' lang='lat' dir='ltr'><strong>in</strong></span> <span class='ocrx_word' id='word_1_31' title='bbox 803 737 942 798; x_wconf 90' lang='lat' dir='ltr'><strong>specum</strong></span> <span class='ocrx_word' id='word_1_32' title='bbox 961 718 1148 800; x_wconf 89' lang='lat' dir='ltr'><strong>quandam,</strong></span> 
     </span>
    </p>

    <p class='ocr_par' dir='ltr' id='par_1_3' title="bbox 114 802 1218 1316">
     <span class='ocr_line' id='line_1_6' title="bbox 114 802 1218 901; baseline 0.003 -20"><span class='ocrx_word' id='word_1_33' title='bbox 114 826 298 888; x_wconf 76' lang='lat' dir='ltr'><strong>sremotam</strong></span> <span class='ocrx_word' id='word_1_34' title='bbox 338 818 613 900; x_wconf 78' lang='lat' dir='ltr'><strong>latebrosamque,</strong></span> <span class='ocrx_word' id='word_1_35' title='bbox 645 827 699 882; x_wconf 74' lang='lat' dir='ltr'><strong>me</strong></span> <span class='ocrx_word' id='word_1_36' title='bbox 737 827 877 901; x_wconf 82' lang='lat' dir='ltr'><strong>penetro</strong></span> <span class='ocrx_word' id='word_1_37' title='bbox 915 830 949 884; x_wconf 92' lang='lat' dir='ltr'><strong>et</strong></span> <span class='ocrx_word' id='word_1_38' title='bbox 985 821 1148 884; x_wconf 75' lang='lat' dir='ltr'><strong>recondo.</strong></span> <span class='ocrx_word' id='word_1_39' title='bbox 1214 802 1218 901; x_wconf 62' lang='lat' dir='ltr'><strong>i</strong></span> 
     </span>
     <span class='ocr_line' id='line_1_7' title="bbox 139 921 1218 1031; baseline 0.003 -46"><span class='ocrx_word' id='word_1_40' title='bbox 139 923 259 1004; x_wconf 90' lang='lat' dir='ltr'><strong>Neque</strong></span> <span class='ocrx_word' id='word_1_41' title='bbox 283 921 388 983; x_wconf 78' lang='lat' dir='ltr'><strong>multo</strong></span> <span class='ocrx_word' id='word_1_42' title='bbox 411 930 488 1003; x_wconf 88' lang='lat' dir='ltr'><strong>post</strong></span> <span class='ocrx_word' id='word_1_43' title='bbox 510 921 552 983; x_wconf 94' lang='lat' dir='ltr'><strong>ad</strong></span> <span class='ocrx_word' id='word_1_44' title='bbox 576 922 718 985; x_wconf 88' lang='lat' dir='ltr'><strong>eandem</strong></span> <span class='ocrx_word' id='word_1_45' title='bbox 740 943 877 1004; x_wconf 89' lang='lat' dir='ltr'><strong>specum</strong></span> <span class='ocrx_word' id='word_1_46' title='bbox 893 923 985 986; x_wconf 74' lang='lat' dir='ltr'><strong>venit</strong></span> <span class='ocrx_word' id='word_1_47' title='bbox 1003 923 1059 986; x_wconf 92' lang='lat' dir='ltr'><strong>hic</strong></span> <span class='ocrx_word' id='word_1_48' title='bbox 1082 925 1147 999; x_wconf 76' lang='lat' dir='ltr'><strong>leo,</strong></span> <span class='ocrx_word' id='word_1_49' title='bbox 1215 996 1218 1031; x_wconf 58' lang='grc' dir='ltr'>Ι</span> 
     </span>
     <span class='ocr_line' id='line_1_8' title="bbox 138 1024 1218 1106; baseline 0.002 -18"><span class='ocrx_word' id='word_1_50' title='bbox 138 1024 239 1088; x_wconf 79' lang='lat' dir='ltr'><strong>debili</strong></span> <span class='ocrx_word' id='word_1_51' title='bbox 254 1031 322 1086; x_wconf 75' lang='lat' dir='ltr'><strong>imi&gt;</strong></span> <span class='ocrx_word' id='word_1_52' title='bbox 333 1033 368 1087; x_wconf 93' lang='lat' dir='ltr'><strong>et</strong></span> <span class='ocrx_word' id='word_1_53' title='bbox 379 1031 518 1087; x_wconf 79' lang='lat' dir='ltr'><strong>cruento</strong></span> <span class='ocrx_word' id='word_1_54' title='bbox 530 1024 626 1106; x_wconf 89' lang='lat' dir='ltr'><strong>pede,</strong></span> <span class='ocrx_word' id='word_1_55' title='bbox 640 1024 785 1106; x_wconf 75' lang='lat' dir='ltr'><strong>gemitus</strong></span> <span class='ocrx_word' id='word_1_56' title='bbox 799 1026 902 1089; x_wconf 73' lang='lat' dir='ltr'><strong>edens</strong></span> <span class='ocrx_word' id='word_1_57' title='bbox 915 1035 949 1089; x_wconf 89' lang='lat' dir='ltr'><strong>et</strong></span> <span class='ocrx_word' id='word_1_58' title='bbox 961 1046 1146 1090; x_wconf 91' lang='lat' dir='ltr'><strong>murmura.</strong></span> <span class='ocrx_word' id='word_1_59' title='bbox 1215 1066 1218 1075; x_wconf 89' lang='lat'>·</span> 
     </span>
     <span class='ocr_line' id='line_1_9' title="bbox 138 1127 1149 1211; baseline 0.003 -20"><span class='ocrx_word' id='word_1_60' title='bbox 138 1128 253 1211; x_wconf 83' lang='lat' dir='ltr'><strong>Atque</strong></span> <span class='ocrx_word' id='word_1_61' title='bbox 264 1127 329 1191; x_wconf 89' lang='lat' dir='ltr'><strong>illic</strong></span> <span class='ocrx_word' id='word_1_62' title='bbox 344 1135 452 1209; x_wconf 74' lang='lat' dir='ltr'><strong>prims&gt;</strong></span> <span class='ocrx_word' id='word_1_63' title='bbox 468 1127 601 1209; x_wconf 91' lang='lat' dir='ltr'><strong>quidem</strong></span> <span class='ocrx_word' id='word_1_64' title='bbox 617 1136 799 1210; x_wconf 82' lang='lat' dir='ltr'><strong>conspectu</strong></span> <span class='ocrx_word' id='word_1_65' title='bbox 811 1128 1020 1193; x_wconf 89' lang='lat' dir='ltr'><strong>advenientis</strong></span> <span class='ocrx_word' id='word_1_66' title='bbox 1037 1130 1149 1194; x_wconf 78' lang='lat' dir='ltr'><strong>leonis</strong></span> 
     </span>
     <span class='ocr_line' id='line_1_10' title="bbox 138 1231 1148 1316; baseline 0.002 -21"><span class='ocrx_word' id='word_1_67' title='bbox 138 1231 272 1296; x_wconf 90' lang='lat' dir='ltr'><strong>territus</strong></span> <span class='ocrx_word' id='word_1_68' title='bbox 285 1240 336 1295; x_wconf 90' lang='lat' dir='ltr'><strong>est</strong></span> <span class='ocrx_word' id='word_1_69' title='bbox 348 1250 441 1293; x_wconf 90' lang='lat' dir='ltr'><strong>meus</strong></span> <span class='ocrx_word' id='word_1_70' title='bbox 454 1232 595 1294; x_wconf 88' lang='lat' dir='ltr'><strong>animus.</strong></span> <span class='ocrx_word' id='word_1_71' title='bbox 637 1231 705 1296; x_wconf 89' lang='lat' dir='ltr'><strong>Sed</strong></span> <span class='ocrx_word' id='word_1_72' title='bbox 721 1244 900 1316; x_wconf 87' lang='lat' dir='ltr'><strong>postquam</strong></span> <span class='ocrx_word' id='word_1_73' title='bbox 916 1232 1148 1315; x_wconf 82' lang='lat' dir='ltr'><strong>introgressus</strong></span> 
     </span>
    </p>

    <p class='ocr_par' dir='ltr' id='par_1_4' title="bbox 101 1331 1218 1626">
     <span class='ocr_line' id='line_1_11' title="bbox 101 1331 1150 1412; baseline -0.005 -14"><span class='ocrx_word' id='word_1_74' title='bbox 101 1366 128 1398; x_wconf 82' lang='grc' dir='ltr'><strong>ιο</strong></span> <span class='ocrx_word' id='word_1_75' title='bbox 139 1337 191 1398; x_wconf 81' lang='lat' dir='ltr'><strong>leo</strong></span> <span class='ocrx_word' id='word_1_76' title='bbox 213 1335 247 1398; x_wconf 92' lang='lat' dir='ltr'><strong>in</strong></span> <span class='ocrx_word' id='word_1_77' title='bbox 271 1333 498 1397; x_wconf 57' lang='lat' dir='ltr'><strong>habitaculum</strong></span> <span class='ocrx_word' id='word_1_78' title='bbox 520 1333 601 1396; x_wconf 92' lang='lat' dir='ltr'><strong>illud</strong></span> <span class='ocrx_word' id='word_1_79' title='bbox 626 1352 722 1394; x_wconf 92' lang='lat' dir='ltr'><strong>suum</strong></span> <span class='ocrx_word' id='word_1_80' title='bbox 748 1332 841 1396; x_wconf 89' lang='lat' dir='ltr'><strong>videt</strong></span> <span class='ocrx_word' id='word_1_81' title='bbox 867 1338 920 1394; x_wconf 73' lang='lat' dir='ltr'><strong>me</strong></span> <span class='ocrx_word' id='word_1_82' title='bbox 948 1331 1063 1412; x_wconf 91' lang='lat' dir='ltr'><strong>procul</strong></span> <span class='ocrx_word' id='word_1_83' title='bbox 1093 1333 1150 1394; x_wconf 73' lang='lat' dir='ltr'><strong>de-</strong></span> 
     </span>
     <span class='ocr_line' id='line_1_12' title="bbox 139 1412 1218 1514; baseline -0.002 -13"><span class='ocrx_word' id='word_1_84' title='bbox 139 1438 354 1513; x_wconf 76' lang='lat' dir='ltr'><strong>litescentem,</strong></span> <span class='ocrx_word' id='word_1_85' title='bbox 372 1439 460 1501; x_wconf 89' lang='lat' dir='ltr'><strong>mitis</strong></span> <span class='ocrx_word' id='word_1_86' title='bbox 483 1447 518 1501; x_wconf 90' lang='lat' dir='ltr'><strong>et</strong></span> <span class='ocrx_word' id='word_1_87' title='bbox 541 1444 697 1500; x_wconf 59' lang='lat' dir='ltr'><strong>mansues</strong></span> <span class='ocrx_word' id='word_1_88' title='bbox 721 1438 871 1514; x_wconf 89' lang='lat' dir='ltr'><strong>accessit,</strong></span> <span class='ocrx_word' id='word_1_89' title='bbox 896 1446 930 1501; x_wconf 90' lang='lat' dir='ltr'><strong>et</strong></span> <span class='ocrx_word' id='word_1_90' title='bbox 954 1436 1162 1500; x_wconf 71' lang='lat' dir='ltr'><strong>subletum1·</strong></span> <span class='ocrx_word' id='word_1_91' title='bbox 1215 1412 1218 1489; x_wconf 75' lang='lat' dir='ltr'><strong>i</strong></span> 
     </span>
     <span class='ocr_line' id='line_1_13' title="bbox 138 1539 890 1626; baseline -0.003 -20"><span class='ocrx_word' id='word_1_92' title='bbox 138 1543 257 1626; x_wconf 90' lang='lat' dir='ltr'><strong>pedem</strong></span> <span class='ocrx_word' id='word_1_93' title='bbox 276 1542 452 1605; x_wconf 89' lang='lat' dir='ltr'><strong>ostendere</strong></span> <span class='ocrx_word' id='word_1_94' title='bbox 468 1539 549 1603; x_wconf 91' lang='lat' dir='ltr'><strong>mihi</strong></span> <span class='ocrx_word' id='word_1_95' title='bbox 564 1551 599 1604; x_wconf 90' lang='lat' dir='ltr'><strong>et</strong></span> <span class='ocrx_word' id='word_1_96' title='bbox 614 1560 756 1622; x_wconf 87' lang='lat' dir='ltr'><strong>porgere</strong></span> <span class='ocrx_word' id='word_1_97' title='bbox 772 1542 890 1623; x_wconf 91' lang='lat' dir='ltr'><strong>coepit.</strong></span> 
     </span>
    </p>

    <p class='ocr_par' dir='ltr' id='par_1_5' title="bbox 182 1644 1148 1728">
     <span class='ocr_line' id='line_1_14' title="bbox 182 1644 1148 1728; baseline -0.002 -18"><span class='ocrx_word' id='word_1_98' title='bbox 182 1646 234 1710; x_wconf 90' lang='lat' dir='ltr'><strong>Ibi</strong></span> <span class='ocrx_word' id='word_1_99' title='bbox 251 1665 315 1727; x_wconf 87' lang='lat' dir='ltr'><strong>ego</strong></span> <span class='ocrx_word' id='word_1_100' title='bbox 335 1645 471 1726; x_wconf 91' lang='lat' dir='ltr'><strong>stirpem</strong></span> <span class='ocrx_word' id='word_1_101' title='bbox 492 1644 673 1726; x_wconf 87' lang='lat' dir='ltr'><strong>ingentem,</strong></span> <span class='ocrx_word' id='word_1_102' title='bbox 695 1644 837 1725; x_wconf 76' lang='lat' dir='ltr'><strong>vestigio</strong></span> <span class='ocrx_word' id='word_1_103' title='bbox 860 1645 956 1728; x_wconf 91' lang='lat' dir='ltr'><strong>pedis</strong></span> <span class='ocrx_word' id='word_1_104' title='bbox 974 1644 1047 1708; x_wconf 90' lang='lat' dir='ltr'><strong>eius</strong></span> <span class='ocrx_word' id='word_1_105' title='bbox 1066 1645 1148 1708; x_wconf 90' lang='lat' dir='ltr'><strong>hae·</strong></span> 
     </span>
    </p>

    <p class='ocr_par' dir='ltr' id='par_1_6' title="bbox 137 1748 1146 1830">
     <span class='ocr_line' id='line_1_15' title="bbox 137 1748 1146 1830; baseline -0.002 -17"><span class='ocrx_word' id='word_1_106' title='bbox 137 1760 277 1824; x_wconf 87' lang='lat' dir='ltr'><strong>rentem,</strong></span> <span class='ocrx_word' id='word_1_107' title='bbox 305 1748 419 1811; x_wconf 91' lang='lat' dir='ltr'><strong>revelli</strong></span> <span class='ocrx_word' id='word_1_108' title='bbox 447 1749 643 1830; x_wconf 86' lang='lat' dir='ltr'><strong>saniemque</strong></span> <span class='ocrx_word' id='word_1_109' title='bbox 666 1749 803 1812; x_wconf 90' lang='lat' dir='ltr'><strong>vulnere</strong></span> <span class='ocrx_word' id='word_1_110' title='bbox 831 1748 968 1811; x_wconf 79' lang='lat' dir='ltr'><strong>intim6²</strong></span> <span class='ocrx_word' id='word_1_111' title='bbox 991 1757 1146 1829; x_wconf 86' lang='lat' dir='ltr'><strong>expressi</strong></span> 
     </span>
    </p>

    <p class='ocr_par' dir='ltr' id='par_1_7' title="bbox 100 1851 1218 2349">
     <span class='ocr_line' id='line_1_16' title="bbox 100 1851 1147 1934; baseline -0.002 -18"><span class='ocrx_word' id='word_1_112' title='bbox 100 1882 127 1928; x_wconf 84' lang='lat'><strong>15</strong></span> <span class='ocrx_word' id='word_1_113' title='bbox 137 1853 390 1934; x_wconf 61' lang='lat' dir='ltr'><strong>accuratiusque</strong></span> <span class='ocrx_word' id='word_1_114' title='bbox 410 1853 481 1915; x_wconf 91' lang='lat' dir='ltr'><strong>sine</strong></span> <span class='ocrx_word' id='word_1_115' title='bbox 501 1858 624 1933; x_wconf 70' lang='lat' dir='ltr'><strong>magni</strong></span> <span class='ocrx_word' id='word_1_116' title='bbox 639 1851 704 1913; x_wconf 89' lang='lat' dir='ltr'><strong>iam</strong></span> <span class='ocrx_word' id='word_1_117' title='bbox 721 1851 898 1915; x_wconf 85' lang='lat' dir='ltr'><strong>formidine</strong></span> <span class='ocrx_word' id='word_1_118' title='bbox 914 1853 1036 1914; x_wconf 74' lang='lat' dir='ltr'><strong>siccz&#39;avi</strong></span> <span class='ocrx_word' id='word_1_119' title='bbox 1051 1851 1147 1933; x_wconf 91' lang='lat' dir='ltr'><strong>peni·</strong></span> 
     </span>
     <span class='ocr_line' id='line_1_17' title="bbox 137 1954 1218 2037; baseline -0.007 -18"><span class='ocrx_word' id='word_1_120' title='bbox 137 1965 191 2020; x_wconf 92' lang='lat' dir='ltr'><strong>tus</strong></span> <span class='ocrx_word' id='word_1_121' title='bbox 207 1965 307 2037; x_wconf 89' lang='lat' dir='ltr'><strong>atque</strong></span> <span class='ocrx_word' id='word_1_122' title='bbox 321 1955 445 2018; x_wconf 69' lang='lat' dir='ltr'><strong>detersi</strong></span> <span class='ocrx_word' id='word_1_123' title='bbox 460 1963 622 2018; x_wconf 77' lang='lat' dir='ltr'><strong>cruorem.</strong></span> <span class='ocrx_word' id='word_1_124' title='bbox 670 1955 732 2017; x_wconf 86' lang='lat' dir='ltr'><strong>Ille</strong></span> <span class='ocrx_word' id='word_1_125' title='bbox 747 1964 828 2018; x_wconf 92' lang='lat' dir='ltr'><strong>tunc</strong></span> <span class='ocrx_word' id='word_1_126' title='bbox 845 1962 919 2018; x_wconf 71' lang='lat' dir='ltr'><strong>mei</strong></span> <span class='ocrx_word' id='word_1_127' title='bbox 935 1961 1038 2036; x_wconf 69' lang='lat' dir='ltr'><strong>operi</strong></span> <span class='ocrx_word' id='word_1_128' title='bbox 1053 1954 1144 2018; x_wconf 72' lang='lat' dir='ltr'><strong>levi·</strong></span> <span class='ocrx_word' id='word_1_129' title='bbox 1215 1990 1218 2011; x_wconf 67' lang='lat'><em>=</em></span> 
     </span>
     <span class='ocr_line' id='line_1_18' title="bbox 137 2058 1142 2142; baseline -0.004 -19"><span class='ocrx_word' id='word_1_130' title='bbox 137 2070 200 2136; x_wconf 91' lang='lat' dir='ltr'><strong>tus,</strong></span> <span class='ocrx_word' id='word_1_131' title='bbox 219 2060 304 2142; x_wconf 90' lang='lat' dir='ltr'><strong>pede</strong></span> <span class='ocrx_word' id='word_1_132' title='bbox 320 2059 355 2121; x_wconf 90' lang='lat' dir='ltr'><strong>in</strong></span> <span class='ocrx_word' id='word_1_133' title='bbox 372 2058 524 2121; x_wconf 89' lang='lat' dir='ltr'><strong>manibus</strong></span> <span class='ocrx_word' id='word_1_134' title='bbox 544 2068 625 2121; x_wconf 92' lang='lat' dir='ltr'><strong>meis</strong></span> <span class='ocrx_word' id='word_1_135' title='bbox 646 2059 764 2140; x_wconf 80' lang='lat' dir='ltr'><strong>posito,</strong></span> <span class='ocrx_word' id='word_1_136' title='bbox 782 2058 933 2121; x_wconf 86' lang='lat' dir='ltr'><strong>recubuit</strong></span> <span class='ocrx_word' id='word_1_137' title='bbox 952 2068 985 2120; x_wconf 92' lang='lat' dir='ltr'><strong>et</strong></span> <span class='ocrx_word' id='word_1_138' title='bbox 1004 2058 1142 2139; x_wconf 72' lang='lat' dir='ltr'><strong>quievit,</strong></span> 
     </span>
     <span class='ocr_line' id='line_1_19' title="bbox 137 2159 1142 2246; baseline -0.002 -20"><span class='ocrx_word' id='word_1_139' title='bbox 137 2174 237 2246; x_wconf 90' lang='lat' dir='ltr'><strong>atque</strong></span> <span class='ocrx_word' id='word_1_140' title='bbox 258 2183 298 2226; x_wconf 90' lang='lat' dir='ltr'><strong>ex</strong></span> <span class='ocrx_word' id='word_1_141' title='bbox 317 2170 357 2225; x_wconf 80' lang='lat' dir='ltr'><strong>eo</strong></span> <span class='ocrx_word' id='word_1_142' title='bbox 378 2161 431 2225; x_wconf 75' lang='lat' dir='ltr'><strong>die</strong></span> <span class='ocrx_word' id='word_1_143' title='bbox 449 2161 628 2224; x_wconf 88' lang='lat' dir='ltr'><strong>triennium</strong></span> <span class='ocrx_word' id='word_1_144' title='bbox 650 2181 714 2242; x_wconf 88' lang='lat' dir='ltr'><strong>ego</strong></span> <span class='ocrx_word' id='word_1_145' title='bbox 731 2169 765 2224; x_wconf 90' lang='lat' dir='ltr'><strong>et</strong></span> <span class='ocrx_word' id='word_1_146' title='bbox 780 2160 833 2224; x_wconf 75' lang='lat' dir='ltr'><strong>leo</strong></span> <span class='ocrx_word' id='word_1_147' title='bbox 849 2161 882 2223; x_wconf 91' lang='lat' dir='ltr'><strong>in</strong></span> <span class='ocrx_word' id='word_1_148' title='bbox 899 2159 1016 2224; x_wconf 69' lang='lat' dir='ltr'><strong>eidem</strong></span> <span class='ocrx_word' id='word_1_149' title='bbox 1035 2169 1142 2242; x_wconf 75' lang='lat' dir='ltr'><strong>specu</strong></span> 
     </span>
     <span class='ocr_line' id='line_1_20' title="bbox 137 2265 591 2349; baseline -0.004 -19"><span class='ocrx_word' id='word_1_150' title='bbox 137 2267 321 2349; x_wconf 76' lang='lat' dir='ltr'><strong>eodemque</strong></span> <span class='ocrx_word' id='word_1_151' title='bbox 336 2272 425 2328; x_wconf 77' lang='lat' dir='ltr'><strong>victu</strong></span> <span class='ocrx_word' id='word_1_152' title='bbox 442 2265 591 2328; x_wconf 76' lang='lat' dir='ltr'><strong>viximus,</strong></span> 
     </span>
    </p>

    <p class='ocr_par' dir='ltr' id='par_1_8' title="bbox 99 2368 1218 2864">
     <span class='ocr_line' id='line_1_21' title="bbox 99 2368 1218 2451; baseline -0.003 -19"><span class='ocrx_word' id='word_1_153' title='bbox 99 2401 127 2432; x_wconf 57' lang='grc' dir='ltr'><strong>πο</strong></span> <span class='ocrx_word' id='word_1_154' title='bbox 182 2372 279 2445; x_wconf 90' lang='lat' dir='ltr'><strong>Nam,</strong></span> <span class='ocrx_word' id='word_1_155' title='bbox 319 2376 401 2451; x_wconf 69' lang='lat' dir='ltr'><strong>quis</strong></span> <span class='ocrx_word' id='word_1_156' title='bbox 438 2368 624 2431; x_wconf 59' lang='lat' dir='ltr'><strong>venabitur</strong></span> <span class='ocrx_word' id='word_1_157' title='bbox 660 2369 760 2444; x_wconf 75' lang='lat' dir='ltr'><strong>feras,</strong></span> <span class='ocrx_word' id='word_1_158' title='bbox 791 2368 942 2432; x_wconf 87' lang='lat' dir='ltr'><strong>membra</strong></span> <span class='ocrx_word' id='word_1_159' title='bbox 978 2369 1144 2450; x_wconf 76' lang='lat' dir='ltr'><strong>opimiora</strong></span> <span class='ocrx_word' id='word_1_160' title='bbox 1215 2418 1218 2439; x_wconf 88' lang='grc'>,</span> 
     </span>
     <span class='ocr_line' id='line_1_22' title="bbox 137 2471 1143 2556; baseline -0.004 -18"><span class='ocrx_word' id='word_1_161' title='bbox 137 2482 250 2539; x_wconf 72' lang='lat' dir='ltr'><strong>cirum</strong></span> <span class='ocrx_word' id='word_1_162' title='bbox 272 2474 315 2537; x_wconf 90' lang='lat' dir='ltr'><strong>ad</strong></span> <span class='ocrx_word' id='word_1_163' title='bbox 336 2492 474 2556; x_wconf 90' lang='lat' dir='ltr'><strong>specum</strong></span> <span class='ocrx_word' id='word_1_164' title='bbox 494 2471 595 2534; x_wconf 82' lang='lat' dir='ltr'><strong>mihi³</strong></span> <span class='ocrx_word' id='word_1_165' title='bbox 618 2472 829 2553; x_wconf 74' lang='lat' dir='ltr'><strong>subgerebat,</strong></span> <span class='ocrx_word' id='word_1_166' title='bbox 852 2493 939 2555; x_wconf 89' lang='lat' dir='ltr'><strong>quae</strong></span> <span class='ocrx_word' id='word_1_167' title='bbox 961 2492 1035 2554; x_wconf 87' lang='lat' dir='ltr'><strong>ego,</strong></span> <span class='ocrx_word' id='word_1_168' title='bbox 1052 2471 1143 2552; x_wconf 90' lang='lat' dir='ltr'><strong>ignis</strong></span> 
     </span>
     <span class='ocr_line' id='line_1_23' title="bbox 138 2574 1141 2660; baseline -0.003 -19"><span class='ocrx_word' id='word_1_169' title='bbox 138 2579 266 2660; x_wconf 79' lang='lat' dir='ltr'><strong>copiam</strong></span> <span class='ocrx_word' id='word_1_170' title='bbox 283 2585 350 2640; x_wconf 81' lang='lat' dir='ltr'><strong>non</strong></span> <span class='ocrx_word' id='word_1_171' title='bbox 371 2575 509 2650; x_wconf 80' lang='lat' dir='ltr'><strong>habens,</strong></span> <span class='ocrx_word' id='word_1_172' title='bbox 527 2575 710 2638; x_wconf 74' lang='lat' dir='ltr'><strong>meridiano</strong></span> <span class='ocrx_word' id='word_1_173' title='bbox 735 2576 806 2639; x_wconf 76' lang='lat' dir='ltr'><strong>sole</strong></span> <span class='ocrx_word' id='word_1_174' title='bbox 831 2583 962 2638; x_wconf 72' lang='lat' dir='ltr'><strong>torrens</strong></span> <span class='ocrx_word' id='word_1_175' title='bbox 987 2574 1141 2638; x_wconf 73' lang='lat' dir='ltr'><strong>edebam.</strong></span> 
     </span>
     <span class='ocr_line' id='line_1_24' title="bbox 139 2678 1140 2760; baseline -0.005 -15"><span class='ocrx_word' id='word_1_176' title='bbox 139 2682 206 2746; x_wconf 88' lang='lat' dir='ltr'><strong>Sed</strong></span> <span class='ocrx_word' id='word_1_177' title='bbox 231 2681 288 2744; x_wconf 95' lang='lat' dir='ltr'><strong>ubi</strong></span> <span class='ocrx_word' id='word_1_178' title='bbox 312 2679 393 2743; x_wconf 91' lang='lat' dir='ltr'><strong>mihi</strong></span> <span class='ocrx_word' id='word_1_179' title='bbox 415 2687 503 2742; x_wconf 91' lang='lat' dir='ltr'><strong>vitae</strong></span> <span class='ocrx_word' id='word_1_180' title='bbox 526 2678 612 2742; x_wconf 90' lang='lat' dir='ltr'><strong>illius</strong></span> <span class='ocrx_word' id='word_1_181' title='bbox 636 2679 744 2742; x_wconf 86' lang='lat' dir='ltr'><strong>ferina</strong></span> <span class='ocrx_word' id='word_1_182' title='bbox 766 2686 834 2742; x_wconf 79' lang='lat' dir='ltr'><strong>non</strong></span> <span class='ocrx_word' id='word_1_183' title='bbox 857 2680 923 2742; x_wconf 89' lang='lat' dir='ltr'><strong>iam</strong></span> <span class='ocrx_word' id='word_1_184' title='bbox 946 2685 1043 2760; x_wconf 71' lang='lat' dir='ltr'><strong>grita</strong></span> <span class='ocrx_word' id='word_1_185' title='bbox 1066 2678 1140 2754; x_wconf 81' lang='lat' dir='ltr'><strong>fuit,</strong></span> 
     </span>
     <span class='ocr_line' id='line_1_25' title="bbox 138 2781 1141 2864; baseline -0.005 -16"><span class='ocrx_word' id='word_1_186' title='bbox 138 2785 233 2849; x_wconf 80' lang='lat' dir='ltr'><strong>leone</strong></span> <span class='ocrx_word' id='word_1_187' title='bbox 256 2786 289 2847; x_wconf 94' lang='lat' dir='ltr'><strong>in</strong></span> <span class='ocrx_word' id='word_1_188' title='bbox 315 2791 471 2847; x_wconf 61' lang='lat' dir='ltr'><strong>venatum</strong></span> <span class='ocrx_word' id='word_1_189' title='bbox 496 2783 670 2864; x_wconf 79' lang='lat' dir='ltr'><strong>profect6,⁴</strong></span> <span class='ocrx_word' id='word_1_190' title='bbox 694 2783 814 2864; x_wconf 89' lang='lat' dir='ltr'><strong>reliqui</strong></span> <span class='ocrx_word' id='word_1_191' title='bbox 834 2803 971 2864; x_wconf 91' lang='lat' dir='ltr'><strong>specum</strong></span> <span class='ocrx_word' id='word_1_192' title='bbox 991 2791 1034 2857; x_wconf 86' lang='lat' dir='ltr'><strong>et,</strong></span> <span class='ocrx_word' id='word_1_193' title='bbox 1052 2781 1141 2844; x_wconf 91' lang='lat' dir='ltr'><strong>viam</strong></span> 
     </span>
    </p>

    <p class='ocr_par' dir='ltr' id='par_1_9' title="bbox 100 2885 1141 2969">
     <span class='ocr_line' id='line_1_26' title="bbox 100 2885 1141 2969; baseline -0.002 -20"><span class='ocrx_word' id='word_1_194' title='bbox 100 2916 128 2962; x_wconf 82' lang='lat'><strong>25</strong></span> <span class='ocrx_word' id='word_1_195' title='bbox 138 2889 244 2952; x_wconf 77' lang='lat' dir='ltr'><strong>ferme</strong></span> <span class='ocrx_word' id='word_1_196' title='bbox 267 2889 367 2952; x_wconf 90' lang='lat' dir='ltr'><strong>tridui</strong></span> <span class='ocrx_word' id='word_1_197' title='bbox 390 2894 633 2969; x_wconf 58' lang='lat' dir='ltr'><strong>permensus}</strong></span> <span class='ocrx_word' id='word_1_198' title='bbox 656 2887 814 2950; x_wconf 90' lang='lat' dir='ltr'><strong>militibus</strong></span> <span class='ocrx_word' id='word_1_199' title='bbox 838 2897 929 2949; x_wconf 92' lang='lat' dir='ltr'><strong>visus</strong></span> <span class='ocrx_word' id='word_1_200' title='bbox 952 2885 1141 2968; x_wconf 72' lang='lat' dir='ltr'><strong>adprehen·</strong></span> 
     </span>
    </p>
   </div>
   <div class='ocr_carea' id='block_1_3' title="bbox 175 2988 1217 3108">
    <p class='ocr_par' dir='ltr' id='par_1_10' title="bbox 175 2988 1217 3108">
     <span class='ocr_line' id='line_1_27' title="bbox 175 2988 1217 3108; baseline -0.003 -16"><span class='ocrx_word' id='word_1_201' title='bbox 175 3058 198 3092; x_wconf 93' lang='lat'><strong>1.</strong></span> <span class='ocrx_word' id='word_1_202' title='bbox 225 3041 376 3092; x_wconf 74' lang='lat' dir='ltr'><strong>sublitum:</strong></span> <span class='ocrx_word' id='word_1_203' title='bbox 397 3038 466 3092; x_wconf 85' lang='lat' dir='ltr'><strong>from</strong></span> <span class='ocrx_word' id='word_1_204' title='bbox 478 3039 553 3090; x_wconf 78' lang='lat' dir='ltr'><strong>tollo.</strong></span> <span class='ocrx_word' id='word_1_205' title='bbox 699 3055 724 3102; x_wconf 80' lang='lat'><strong>3·</strong></span> <span class='ocrx_word' id='word_1_206' title='bbox 752 3040 836 3091; x_wconf 85' lang='lat' dir='ltr'><strong>mihi:</strong></span> <span class='ocrx_word' id='word_1_207' title='bbox 849 3040 904 3108; x_wconf 88' lang='lat' dir='ltr'><strong>sor</strong></span> <span class='ocrx_word' id='word_1_208' title='bbox 915 3054 966 3092; x_wconf 81' lang='lat' dir='ltr'><strong>mc.</strong></span> <span class='ocrx_word' id='word_1_209' title='bbox 1213 2988 1217 3033; x_wconf 49' lang='grc' dir='ltr'>ἱ</span> 
     </span>
    </p>
   </div>
   <div class='ocr_carea' id='block_1_4' title="bbox 139 3123 1143 3283">
    <p class='ocr_par' dir='ltr' id='par_1_11' title="bbox 139 3123 1143 3283">
     <span class='ocr_line' id='line_1_28' title="bbox 174 3123 1143 3194; baseline -0.003 -15"><span class='ocrx_word' id='word_1_210' title='bbox 174 3145 198 3179; x_wconf 87' lang='lat'><strong>2.</strong></span> <span class='ocrx_word' id='word_1_211' title='bbox 224 3130 332 3179; x_wconf 85' lang='lat' dir='ltr'><strong>vulnere</strong></span> <span class='ocrx_word' id='word_1_212' title='bbox 351 3127 464 3177; x_wconf 77' lang='lat' dir='ltr'><strong>intimo:</strong></span> <span class='ocrx_word' id='word_1_213' title='bbox 477 3125 561 3194; x_wconf 87' lang='lat' dir='ltr'><strong>from</strong></span> <span class='ocrx_word' id='word_1_214' title='bbox 569 3123 613 3175; x_wconf 75' lang='lat' dir='ltr'><strong>ilie</strong></span> <span class='ocrx_word' id='word_1_215' title='bbox 698 3143 724 3188; x_wconf 88' lang='lat'><strong>4.</strong></span> <span class='ocrx_word' id='word_1_216' title='bbox 750 3125 885 3190; x_wconf 78' lang='lat' dir='ltr'><strong>profecti:</strong></span> <span class='ocrx_word' id='word_1_217' title='bbox 923 3124 994 3177; x_wconf 81' lang='lat' dir='ltr'><strong>from</strong></span> <span class='ocrx_word' id='word_1_218' title='bbox 1021 3124 1143 3191; x_wconf 79' lang='lat' dir='ltr'><strong>proficis·</strong></span> 
     </span>
     <span class='ocr_line' id='line_1_29' title="bbox 139 3211 973 3283; baseline -0.01 -16"><span class='ocrx_word' id='word_1_219' title='bbox 139 3218 238 3268; x_wconf 78' lang='lat' dir='ltr'><strong>inrrwst</strong></span> <span class='ocrx_word' id='word_1_220' title='bbox 246 3212 414 3283; x_wconf 80' lang='lat' dir='ltr'><strong>partoftlu</strong></span> <span class='ocrx_word' id='word_1_221' title='bbox 425 3211 537 3263; x_wconf 80' lang='lat' dir='ltr'><strong>wound.</strong></span> <span class='ocrx_word' id='word_1_222' title='bbox 663 3224 715 3263; x_wconf 91' lang='lat' dir='ltr'><strong>cor.</strong></span> <span class='ocrx_word' id='word_1_223' title='bbox 950 3245 973 3280; x_wconf 53' lang='grc' dir='ltr'>ι</span> 
     </span>
    </p>
   </div>
   <div class='ocr_carea' id='block_1_5' title="bbox 0 0 1240 3712">
    <p class='ocr_par' dir='ltr' id='par_1_12' title="bbox 0 0 1240 3712">
     <span class='ocr_line' id='line_1_30' title="bbox 0 0 1240 3712; baseline 0 1"><span class='ocrx_word' id='word_1_224' title='bbox 0 0 1240 3712; x_wconf 95' lang='lat' dir='ltr'><strong> </strong></span> 
     </span>
    </p>
   </div>
  </div>
 </body>
</html>
