2470 3712
417 252 535 305 insin
561 252 721 305 sennen
1034 260 1071 326 35

65 431 101 493 in
125 429 274 494 hostiurn
298 450 441 494 cuneum
466 437 533 494 non
558 431 638 494 satis
663 429 725 493 sibi
748 431 946 512 providens¹
970 438 1006 495 se
1029 429 1074 494 in·

65 535 168 598 misit.
217 536 385 600 Coniectis
411 535 559 617 undique
583 534 617 597 in
643 535 872 598 Alexandrum
898 538 981 610 telle,
1006 537 1074 599 vul-

7 636 8 640 ’
65 637 204 703 neribus
220 638 295 702 altis
311 639 344 701 in
361 649 490 702 cervice
503 649 603 722 atque
615 640 649 701 in
662 639 765 702 latere
781 659 887 721 equus
900 641 1073 721 perfossus

65 753 128 807 est.
177 743 400 806 Moribundus
422 752 534 806 tamen
559 763 598 806 ac
624 763 728 825 prope
755 743 821 805 iam
849 747 1074 824 exsanguis&

8 861 9 866 ’
66 845 186 910 mediis
209 846 362 910 hostibus
385 854 498 929 regem
517 847 726 910 vivacissimo
747 855 845 910 cursu
870 848 1005 923 rettulit,
1028 858 1098 911 ert-s

66 970 143 1032 que,
168 949 227 1013 ubi
249 970 325 1013 eum
349 959 442 1014 extre
462 951 529 1014 tela
551 951 724 1025 extulerat,
749 950 825 1013 ilico
849 951 1003 1026 concidit,
1028 960 1071 1027 et,

7 1049 9 1054 ’
66 1054 195 1117 domini
224 1055 288 1116 ianr
321 1041 523 1137 superstitis
540 1055 698 1130 securus,²
724 1056 819 1137 quasi
849 1074 925 1117 curn
955 1057 1083 1118 sensus

66 1158 206 1220 hument
222 1158 345 1222 solacio
361 1160 506 1222 animam
523 1158 709 1240 exspiravit.

109 1263 198 1325 Tum
215 1269 272 1325 rex
288 1262 490 1338 Alexander,
508 1263 624 1344 part5⁸
638 1263 709 1325 eius
726 1262 805 1325 belli
819 1263 966 1336 victorii,
981 1263 1072 1344 oppi-

7 1373 10 1378 ’
67 1366 147 1430 dum
171 1368 205 1429 in
228 1366 333 1429 isdem
359 1367 440 1430 locis
463 1366 620 1442 condidit,
643 1365 742 1448 idque
765 1365 809 1428 ob
831 1372 908 1448 equi
929 1365 1072 1429 honores
1086 1400 1113 1431 10

7 1529 8 1540 ,
68 1469 287 1554 Bucephalon
304 1470 494 1553 appellavit.

277 1679 336 1747 40.
388 1655 428 1727 Α
465 1656 503 1727 T
497 1654 662 1729 rz'bune's
689 1656 864 1752 Brevem>

111 1805 292 1869 Pulchrum
308 1805 440 1869 facinus
459 1807 505 1869 M.
521 1805 624 1870 Cato⁴
640 1805 682 1867 de
694 1806 736 1886 Q.
750 1805 924 1870 Caedicio⁵
940 1805 1074 1868 tribuno

66 1911 209 1972 militum
225 1917 384 1991 scriptum
401 1909 580 1990 relinquit.⁶

8 2029 11 2112 ᾗ
110 2014 302 2096 Imperator
332 2012 464 2077 Poenus
494 2013 528 2075 in
559 2019 647 2076 terri
674 2012 795 2086 Sicilie,
824 2013 912 2076 bello
937 2013 1074 2076 Carthe-

66 2117 213 2201 giniensi
228 2124 343 2199 primo,
361 2124 477 2180 contri
495 2118 683 2181 Romanum
706 2117 886 2179 exercitum
906 2115 1113 2197 progredi-15

66 2233 131 2286 tur.
178 2221 289 2287 Colles
305 2221 464 2303 locosque
480 2221 618 2292 idoneos
636 2219 726 2302 prior
738 2219 902 2302 occupat.⁷
950 2220 1074 2283 Milites

105 2391 129 2425 1.
156 2373 210 2425 nlln
223 2373 292 2425 satu
313 2372 368 2424 sibl
384 2373 544 2437 providens:
597 2371 669 2425 been
682 2388 698 2424 a
710 2388 847 2441 synonym
865 2369 907 2423 for
925 2379 1000 2424 stern
1019 2369 1075 2424 and

9 2475 13 2502 τ
65 2461 169 2530 giving
192 2459 262 2512 little
281 2458 350 2512 head
369 2463 398 2511 to
420 2457 464 2510 his
484 2474 547 2511 own
597 2453 851 2527 uncompromising
873 2457 1029 2510 adherence'
1046 2465 1075 2511 to

67 2548 168 2616 sasety.
598 2545 646 2598 the
669 2561 797 2597 manners
821 2543 877 2597 and
902 2552 1023 2598 customs
1049 2543 1079 2598 of

104 2651 131 2687 2.
157 2635 464 2688 domini...securus:
492 2647 549 2685 cer·
599 2631 669 2684 “the
682 2631 756 2701 good
769 2628 816 2684 old
829 2631 939 2684 times.''

68 2721 131 2774 lain
143 2720 229 2792 osln's
241 2722 476 2792 master'ssafcty.
634 2733 659 2782 5.
687 2718 757 2770 This
770 2717 879 2771 tribune
892 2717 915 2770 is
926 2726 975 2771 not
985 2717 1077 2772 other-

10 2857 12 2864 s
105 2825 131 2872 3.
158 2810 252 2874 parte:
278 2805 381 2876 perfect
408 2805 548 2876 participle
599 2805 788 2860 wiseknown.

70 2895 196 2964 ofparld.
634 2900 660 2946 6.
687 2895 818 2958 scriptum
850 2893 994 2958 relinquit:
1026 2892 1078 2944 has

105 3000 132 3046 4.
170 2985 276 3034 Hirtus
318 2982 426 3036 Porcius
473 2983 547 3046 Cato,
597 2982 648 3052 left
660 2999 694 3034 on
708 2979 821 3032 record.
861 2980 923 3032 The
936 2979 1077 3048 participle

70 3070 133 3124 who
158 3085 213 3124 was
238 3068 308 3124 born
333 3084 385 3137 234
409 3082 466 3122 uc.
493 3068 548 3122 and
599 3067 724 3122 modifies
737 3067 852 3119 facinus.

71 3157 145 3212 lived
158 3156 199 3210 till
215 3171 272 3227 149.
312 3155 548 3210 Inhisowntime
635 3171 658 3221 7.
685 3156 758 3221 prior
779 3157 907 3221 occupat:
927 3153 1004 3207 t'stlre
1007 3154 1078 3222 first

70 3244 127 3300 and
149 3260 213 3300 ever
234 3242 310 3297 since
330 3242 374 3297 his
396 3259 476 3296 name
498 3241 548 3296 has
599 3244 714 3296 tasciae.
