2470 3712
414 238 532 291 marn
560 238 722 293 neuneu
947 249 949 252 ·
1031 251 1071 316 37

63 415 210 499 ringenti
237 415 279 479 ad
308 425 447 480 mortem
479 417 743 498 proficiscuntur.
802 418 929 482 Hostes
955 427 1070 482 eerum

63 521 237 583 audeciam
268 521 484 583 demirantur.
543 520 712 602 Quorsum
743 529 790 584 ire
824 523 968 584 Remini
1000 544 1070 604 per·
1109 511 1112 516 ’

62 625 165 706 gant¹
188 632 392 706 exspectant.
450 624 518 688 Sed
546 623 603 686 ubi
632 626 808 706 apperuit²
837 634 895 688 ees
923 627 966 688 ad
996 647 1070 690 eam

62 735 236 792 verrticam
253 727 314 790 iter
329 728 514 804 intendere,
532 727 632 792 mittit
647 728 823 791 adversum
841 729 915 792 illes
931 729 1070 812 impere-

62 841 114 895 tor
138 831 424 913 Carthaginiensis
445 832 630 913 peditatum
652 832 913 915 equititumque
931 842 1014 916 quos
1036 835 1094 897 ins

61 936 208 998 exercitu
228 935 316 999 vires
337 935 454 999 habuit
477 935 733 999 strenuissimes
783 937 927 1000 Remini
948 937 1069 1002 milites

62 1039 388 1116 circumveniuntur;
413 1040 631 1103 circumventi
653 1050 852 1122 repugnant.
902 1041 956 1104 Fit
974 1061 1068 1122 proe-

63 1143 145 1206 lium
161 1142 216 1205 dio
234 1164 368 1225 anceps.
407 1144 561 1206 Tandem
578 1154 714 1226 superat
731 1144 918 1208 multitride.
959 1145 1070 1227 Quad-

61 1249 211 1329 ringenti
229 1254 355 1323 omnes,
372 1248 517 1329 perfossi
537 1247 657 1329 gladiis
676 1256 734 1311 aut
753 1247 932 1311 missilibus
951 1257 1069 1330 operti,

61 1353 198 1416 cadunt.
246 1351 371 1416 Consul
386 1351 518 1414 interim
532 1356 568 1413 se
583 1350 617 1413 in
633 1351 724 1415 loces
739 1358 829 1415 trites
847 1360 948 1434 atque
964 1353 1070 1416 editos
1083 1382 1110 1412 10

61 1455 229 1519 subducit.

109 1559 168 1622 Dii
191 1559 394 1624 immorteles
412 1560 547 1623 tribene
572 1560 714 1623 militum
735 1559 906 1623 fortunam
926 1561 986 1623 ex⁸
1009 1559 1070 1624 vir-

60 1671 136 1728 tute
161 1663 232 1726 eius
256 1663 387 1727 dedere.
431 1665 518 1726 Nam
543 1663 589 1726 ita
613 1665 742 1727 evenit:
770 1663 902 1727 saucius
928 1664 1070 1726 multife-

61 1767 146 1830 riam
163 1765 208 1830 ibi
223 1767 334 1830 factus
349 1775 409 1843 est,
426 1777 539 1830 tamen
551 1767 672 1830 vulnus
689 1767 790 1848 capiti
805 1766 931 1830 millum
950 1768 1068 1843 evenit,

61 1891 210 1954 eumque
232 1872 319 1934 inter
342 1879 499 1946 mortuos,
524 1869 743 1952 defatigatum
767 1870 970 1947 vulneribus,
995 1878 1109 1952 erig-15

62 1982 197 2038 nevere.
254 1975 341 2037 Eum
368 1975 541 2048 sustulere,
569 1976 664 2056 isque
695 1974 872 2050 convaluit,
901 1994 1069 2056 saepeque

62 2084 183 2161 posted
210 2097 346 2160 operam
371 2085 420 2141 rei
445 2079 598 2160 pirblicae
622 2078 743 2141 fortem
768 2087 868 2160 atque
899 2086 1067 2141 strenuam

62 2181 263 2264 praehibuit.
315 2181 415 2264 Quod
442 2181 516 2244 illes
544 2181 664 2244 milites
690 2180 857 2258 subduxit,
885 2181 1068 2244 exercitum

62 2293 213 2348 ceterum
231 2286 384 2349 servevit.

242 2545 300 2612 41.
353 2521 574 2593 Androclus
600 2520 684 2592 ond
705 2521 764 2592 tlte
790 2521 891 2593 Lz'on

109 2687 247 2769 Apion,⁴
273 2690 391 2751 doctus
423 2689 531 2763 homo,
559 2688 681 2751 vidisse
710 2695 746 2750 se
779 2689 906 2750 Remae
938 2686 1070 2768 scripsit
1080 2715 1108 2746 πο

63 2790 328 2873 recegnitionem
353 2791 440 2854 inter
466 2797 539 2854 sese
567 2798 717 2884 metuam
743 2811 783 2854 ex
807 2800 921 2856 vetere
952 2791 1069 2854 notitizi

101 2991 125 3026 1.
150 2977 277 3042 quereum
294 2978 424 3040 pergant:
448 2990 485 3026 an
501 2971 542 3026 in·
592 2974 657 3026 dent
677 2972 739 3026 that
759 2972 820 3043 they
839 2990 912 3027 were
935 2974 1072 3043 directing

63 3061 150 3116 direct
174 3061 302 3131 question
326 3060 484 3130 dependent
505 3078 541 3116 on
592 3060 664 3114 their
675 3077 777 3114 course.

64 3153 232 3217 exspectent.
628 3165 653 3210 3.
680 3163 728 3200 ex:
748 3150 779 3200 in
792 3147 1039 3201 accordancewilh.

107 3236 542 3291 2.butwl1enae'tbecamceot'·
628 3254 653 3298 ⁴·
681 3235 707 3287 A
752 3235 844 3288 Greek
885 3234 1067 3305 grammarian
