2470 3712
141 255 185 320 44
487 246 605 301 mni
632 248 794 302 RsAosR

142 425 221 502 dios,
248 436 282 489 et
307 434 405 490 amici
434 427 517 490 miili
542 427 691 490 veniunt.
740 428 829 490 Tum
859 428 914 491 ille
940 434 1074 490 riirsum
1103 426 1146 489 ad
1215 436 1222 467 ⁴

143 529 269 592 filium:
294 531 435 593 “Amici
452 530 536 606 isti,’'
553 531 669 613 inquit,
688 535 900 594 “cessatories
916 539 1002 593 sunt.
1054 530 1151 611 Quin·

143 632 252 713 potius
267 632 369 696 imus¹
385 643 420 697 et
435 640 596 715 cognitos
612 633 810 715 adfinesque
826 641 957 696 nostros
969 639 1141 714 rogamus,

142 745 179 798 ut
193 736 304 800 adsint
319 743 392 799 cris
407 745 440 800 et
457 746 582 800 metant
593 736 605 798 ?
616 736 634 762 '’
727 745 729 750 ’

119 855 131 900 s
187 839 307 902 Itidem
327 840 392 903 hoc
413 840 495 922 pulli
515 840 683 922 pavefacti
705 848 802 904 mitri
818 841 983 905 niintiant.
1033 841 1146 903 Mater

142 943 291 1006 hortatur
311 951 347 1006 ut
365 951 437 1006 tum
458 964 590 1026 quoque
612 944 683 1007 sine
704 949 795 1007 'metii
816 965 854 1007 ac
873 945 945 1008 sine
965 950 1046 1006 corii
1067 943 1143 1006 sint.
1220 954 1222 975 ¹

143 1047 311 1128 “Cognati
331 1047 528 1130 adimisque
548 1048 638 1117 ,nolli
664 1048 772 1111 ferme
795 1057 864 1111 tam
890 1056 969 1112 sunt
993 1045 1146 1129 obsequi-

141 1149 254 1225 biiiesss'
271 1150 326 1226 ait,
345 1155 363 1182 “
374 1151 429 1214 ut²
449 1150 531 1212 nihil
547 1159 745 1214 conetentur
764 1160 799 1214 et
814 1150 926 1214 statim
942 1149 1032 1213 dicto
1047 1150 1146 1213 oboe-

142 1253 243 1317 diant.
289 1255 360 1318 Vos
376 1255 474 1318 modo
490 1254 661 1330 advertite,
679 1262 707 1318 si
722 1253 802 1337 quid
817 1255 926 1317 denuo
942 1253 1104 1316 dicoturss’

105 1381 133 1413 10
186 1356 265 1419 Alia
286 1358 360 1421 hice
382 1363 462 1433 orti,
479 1358 550 1420 avis
570 1358 604 1420 in
625 1364 757 1440 pistum
779 1356 931 1441 profecta
951 1366 1011 1420 est„
1060 1357 1146 1439 Cog-

142 1467 211 1523 niti
232 1470 266 1524 et
288 1460 419 1523 adfinis
442 1480 587 1541 operam,
605 1479 706 1542 quam
729 1462 810 1524 dare
832 1466 939 1542 rogati
963 1469 1050 1536 sunt,
1076 1468 1145 1523 non

141 1564 313 1627 dedorunt.
360 1563 418 1626 Ad
433 1570 637 1646 postremum
653 1563 754 1646 igitur
769 1563 1025 1627 dominusfilio:
1051 1569 1071 1596 “
1081 1565 1147 1627 Va·
1222 1598 1225 1615 ·

142 1667 283 1742 leant,·”³
312 1666 428 1748 inquit,
461 1672 587 1730 “amici
622 1687 698 1730 cum
736 1676 940 1751 propinquis,
994 1666 1145 1730 Adferss
1222 1686 1224 1705 ¹

141 1777 247 1853 primi
266 1771 339 1834 hice
361 1771 443 1834 duis
465 1770 578 1834 falcis.
614 1764 739 1836 ¹Unam
760 1766 918 1852 egomet*
940 1769 1030 1845 mihi,
1054 1777 1145 1833 etto

104 1897 130 1943 15
141 1873 200 1936 tibi
220 1875 332 1956 capies
351 1874 499 1950 alteram,
522 1883 556 1938 et
574 1875 781 1940 fromentum
800 1869 1016 1955 nosmetipsi⁴
1043 1875 1146 1936 mani-

140 1977 203 2040 bus
218 1986 339 2040 nostris
355 1985 428 2041 cris
446 1979 639 2042 metimus?

185 2082 226 2144 Id
252 2080 309 2143 ubi
335 2093 376 2144 ex'
403 2081 502 2162 pullis
530 2083 650 2147 dixisse
675 2083 846 2147 dominum
873 2089 979 2145 miter
1006 2082 1143 2158 audivit,
1223 2140 1225 2151 .

142 2185 352 2266 “Tempus”
372 2183 490 2267 inquit,
512 2191 591 2249 “est
611 2186 729 2250 cedere
751 2197 785 2250 et
807 2186 907 2249 abire.
956 2186 1031 2248 Fiet
1053 2206 1144 2248 nunc

141 2288 241 2351 dubio
257 2289 373 2370 procul
387 2287 421 2351 id
438 2290 526 2371 quod
542 2289 653 2352 dixit.''
700 2289 814 2371 Atque
830 2291 877 2352 ita
888 2295 1012 2352 cassiis
1025 2289 1142 2351 nIdum

102 2418 131 2449 20
141 2391 313 2472 migravm
337 2412 435 2473 seges
450 2399 470 2454 ἑ
486 2391 621 2455 domino
636 2392 790 2456 demessa
803 2379 862 2456 est.

136 2567 138 2574 Α
186 2494 280 2558 Haec
296 2504 348 2557 est
363 2497 493 2576 Aesopi
508 2495 623 2558 fibula
638 2496 681 2558 do
695 2503 877 2559 amicorum
892 2505 927 2559 et
942 2504 1143 2579 propinqui>

140 2598 775 2679 rumleviplorumqueetininiiidiicii.
803 2598 1143 2680 HancAesopiiaibu·

141 2701 206 2763 lam
223 2700 265 2783 Q.
285 2701 414 2764 Ennius
434 2708 574 2763 venuste
592 2700 744 2766 versibus
766 2701 962 2784 composuit,
979 2703 1143 2783 quorum⁶
1226 2707 1228 2711 ’

176 2899 199 2933 ι.
226 2885 292 2947 quin
319 2882 409 2948 potius
436 2885 523 2934 imus:
550 2880 613 2948 why
663 2886 690 2934 to
694 2881 812 2953 friends
823 2883 885 2936 and
893 2880 1041 2935 relatz'ws!

138 2968 222 3021 dffwe
234 2975 281 3022 not
292 2986 325 3036 go
336 2968 455 3021 rather?
698 2987 725 3032 4.
752 2969 805 3024 See
818 2978 883 3023 note
898 2983 920 3032 1,
933 2986 961 3037 p.
974 2982 1019 3034 42.

174 3073 197 3108 2.
225 3059 520 3108 ut...ci1nctentur:
551 3055 614 3108 that
699 3070 725 3120 5.
751 3049 888 3124 duorum.
918 3094 925 3107 .
954 3093 960 3106 .
992 3057 1050 3107 ost:
1097 3056 1143 3110 tlte

137 3143 199 3210 they
209 3143 271 3195 will
280 3148 326 3194 not
337 3141 451 3193 hesitate
462 3149 493 3194 at
505 3141 553 3194 all.
664 3141 718 3195 last
729 3141 858 3212 oswlu'clt
875 3143 898 3194 it
913 3143 938 3194 is
950 3140 1042 3194 worth
1058 3142 1142 3197 while

173 3246 197 3290 ³·
224 3230 336 3281 valeant
362 3265 368 3278 .
398 3265 404 3278 .
427 3265 434 3278 .
468 3245 474 3279 :
498 3228 613 3294 good-by
663 3228 815 3281 tohavein
829 3228 917 3281 mimi.
