2470 3712
431 227 549 282 unuln
575 229 737 282 neuneu
819 193 827 205 '
946 237 951 247 ⁴
1043 244 1100 307 41.

77 427 207 491 susque
232 427 305 472 sum
331 418 365 472 et
388 406 431 470 ad
458 406 629 471 dominum
653 429 693 471 ex
721 400 840 472 Ᾰῐτίεῑι
867 410 1008 473 Romam
1034 409 1086 474 de-

77 512 211 576 ductus.
260 512 295 575 Is
311 519 366 576 me
381 513 492 575 statim
509 512 552 574 ad
567 511 710 575 besti5s¹
727 512 828 577 dedit.

127 616 224 680 Haec
235 614 316 679 dixit
326 614 527 692 Androclus,
539 635 645 698 eaque
658 617 769 679 omnia
781 617 905 698 populo
917 616 1085 682 declirnta

80 729 170 795 sunt,
191 729 292 802 atque
308 719 393 795 ideo,
410 726 540 783 cunctis
556 719 757 802 petentibus,
775 721 930 785 dimissus
948 731 999 785 est
1016 722 1086 785 An÷

79 822 214 886 droclus
234 831 268 886 et
291 829 401 906 poenz]
422 825 572 897 solutus,²
593 823 712 906 leoque
729 833 760 886 ei
779 823 948 906 suffragiis
970 826 1109 906 populis

79 927 291 995 donatusest.
325 927 446 990 Postez'u
455 927 886 991 videbamus³Androclum
899 937 933 991 et
942 928 1083 1005 leonem,

80 1029 153 1092 loro
175 1037 268 1093 tenui
290 1037 484 1107 revinctum,
509 1031 591 1094 urbe
615 1037 684 1094 toti
707 1025 830 1094 circum
850 1030 1007 1094 tabe-runs
1026 1041 1083 1107 ire,

79 1133 200 1196 donini
213 1152 289 1196 aere
302 1133 522 1210 Androclum,
536 1133 671 1197 floribus
684 1143 799 1216 spargi
814 1135 954 1210 leonem,
968 1142 1084 1198 omnes

79 1236 206 1318 ubique
227 1235 356 1300 dicere:
383 1238 479 1301 “Hic
501 1248 553 1301 est
573 1238 625 1301 leo
649 1238 772 1320 hospes
790 1238 1015 1314 hominis,·hic
1035 1248 1086 1302 est
1152 1279 1155 1286 ·

79 1340 183 1402 homo
199 1338 347 1404 medicus
364 1340 500 1404 leonis.”
635 1358 651 1405 ,’
1098 1375 1124 1406 10

137 1635 200 1704 42.
234 1613 292 1716 A
321 1613 441 1686 Lz'ttle
466 1612 575 1686 Bz'rd
603 1613 641 1686 T
634 1613 758 1686 eaches
785 1614 1065 1712 Sels-relz'ance‘

126 1809 308 1893 Aesopus⁴
326 1810 382 1874 ille
407 1818 426 1874 e
449 1792 595 1897 Phrygis
618 1809 791 1888 fabulator,
809 1811 897 1874 haud
921 1811 1085 1875 immerito

80 1915 216 1995 sapiens
243 1915 450 1978 existimatus
473 1923 534 1991 est,
558 1935 637 1977 nam
661 1934 746 1997 quae
771 1914 863 1978 utilia
879 1916 995 1990 erant,⁵
1017 1924 1083 1978 non

80 2023 199 2080 severe
214 2036 323 2099 neque
338 2017 517 2099 imperiose
533 2018 713 2101 praecepit,
731 2028 768 2081 ut
783 2017 991 2100 philosophis
1013 2026 1084 2082 mos

79 2129 143 2195 est,
164 2120 223 2182 sed
244 2127 296 2183 res
319 2121 469 2184 salubres
490 2122 523 2183 in
546 2128 675 2191 mentes
696 2123 892 2204 animosque
914 2123 1084 2185 hominum

80 2242 158 2287 cum
182 2223 326 2305 quidam
350 2223 518 2290 inlecebri
542 2225 658 2288 induit.
707 2225 804 2288 Haec
824 2226 895 2289 eius
911 2225 1025 2289 fabula
1043 2224 1085 2288 de
1098 2251 1123 2294 15

79 2325 233 2390 aviculae
259 2327 372 2390 nidulo
399 2327 509 2409 lepide
533 2338 633 2412 atque
656 2327 801 2392 iucunde
824 2337 946 2402 monet,
971 2329 1086 2410 spem⁶

118 2536 144 2571 1.
169 2520 205 2572 ud
254 2520 373 2572 bestius:
440 2519 472 2574 of
511 2520 557 2574 the
609 2519 699 2574 Greek
713 2519 803 2574 writer
821 2519 852 2574 of
868 2519 914 2574 the
933 2519 1013 2574 latter
1030 2518 1089 2572 hals

79 2622 174 2660 arena.
608 2606 641 2661 of
650 2607 696 2661 the
709 2607 782 2661 sixth
795 2615 907 2676 century
920 2620 978 2661 nc.
1139 2623 1140 2628 ¹

116 2711 143 2746 2.
169 2695 289 2747 solutus:
311 2691 380 2748 from
393 2694 478 2747 solvo.
644 2709 668 2758 5.
696 2694 757 2748 The
786 2693 980 2763 philosophers
1005 2694 1084 2748 teach

115 2798 142 2845 3.
168 2781 343 2834 videbimus:
371 2797 421 2834 'we
442 2781 512 2834 used
532 2788 559 2834 to
610 2780 713 2850 sternly
750 2781 805 2834 and
840 2780 1000 2851 arbitrarily‚
1036 2780 1085 2834 but

77 2884 130 2923 see.
610 2869 704 2936 Aesop
730 2867 799 2921 both
819 2867 930 2922 teaches
956 2868 1012 2921 and
1038 2867 1086 2921 de·

115 2974 140 3019 4.
169 2955 250 3010 Little
281 2956 304 3009 is
334 2955 436 3010 known
474 2954 558 3009 about
609 2954 700 3025 lights.

79 3045 184 3112 Aesop,
212 3043 305 3098 whose
335 3061 415 3097 name
442 3042 466 3095 is
493 3059 558 3096 con·
643 3049 667 3094 6.
692 3051 768 3109 spem
789 3082 795 3094 .
819 3081 824 3094 .
847 3081 853 3095 .
882 3061 889 3094 ε
918 3042 965 3094 the
994 3041 1085 3095 teach-

79 3130 180 3185 nected
203 3131 268 3183 with
293 3148 326 3184 so
352 3147 434 3200 many
458 3129 554 3182 sables.
608 3128 656 3200 ing
676 3130 708 3183 os
724 3130 770 3183 the
789 3137 864 3199 story
878 3129 900 3182 is
920 3128 984 3182 here
1002 3129 1084 3198 given

79 3219 125 3272 He
136 3218 159 3270 is
171 3217 313 3289 supposed
329 3224 358 3270 to
373 3217 442 3270 have
456 3215 527 3270 been
540 3233 557 3269 a
608 3217 636 3268 in
649 3216 696 3269 the
708 3216 824 3270 indirect
837 3215 915 3270 form.
