2480 3702
428 249 545 308 LATIN
571 255 733 308 READER
1038 253 1077 330 85

79 416 210 496 Emittit
232 431 381 508 Notum,¹
404 440 460 514 qui
473 432 582 496 evolat
610 432 751 496 madidis
773 433 843 496 alis.
891 433 953 496 Est
977 433 1081 497 barba

77 536 189 618 gravis
212 537 342 612 nimbis,
360 544 453 599 canis
474 535 546 600 fluit
564 536 654 599 unda
676 536 813 617 capillis,
831 537 941 600 fronte
962 537 1081 600 sedent

78 639 229 715 nebulae,
247 648 361 703 rorant
379 660 518 722 pennae.
566 640 615 704 Ut
638 639 820 723 pendentia
841 639 956 702 nubila
979 648 1078 702 manfr

78 743 208 825 pressit,
225 744 261 806 fit
277 744 400 824 fragor,
417 743 537 806 inclusi
551 744 737 835 funduntur
754 743 796 806 ab
815 744 949 807 aethere
965 744 1077 807 nimbi.

79 832 152 922 iris,
188 846 305 910 nuntia
345 846 492 922 Iunonis
531 848 678 929 concipit
714 854 818 929 aquas
857 847 1103 929 alimentaques

77 948 224 1012 nubibus
261 950 381 1014 adfert.
443 951 645 1016 Sternuntur
682 958 836 1032 segetes3
877 951 964 1033 perit
1001 958 1080 1013 anni

78 1053 172 1134 longi
206 1052 309 1117 labor.
371 1053 450 1117 Non
480 1055 574 1117 caelo
603 1061 665 1116 suo
695 1063 854 1118 contenta
884 1062 955 1116 erat
990 1053 1080 1118 Iovis

77 1164 137 1247 ira,
168 1155 229 1221 sed
262 1157 355 1220 illum
385 1157 558 1222 caeruleus
592 1157 716 1222 irater²
747 1157 838 1220 iuvat
867 1156 1080 1222 auxiliaribus

79 1261 185 1324 undis

122 1365 296 1430 Convocat
313 1366 388 1429 bic³
403 1373 527 1442 amnes,
544 1375 579 1430 et
599 1366 683 1429 baec
706 1364 805 1428 dixit:
830 1365 956 1428 “Vires
974 1364 1080 1428 effun-
1092 1399 1120 1431 10

78 1468 146 1532 dite
169 1476 309 1532 vestras.
359 1469 414 1534 Sic
435 1491 522 1550 opus
543 1481 603 1532 est.
649 1468 811 1552 Aperite⁴
831 1468 956 1531 domos.
1005 1469 1080 1530 Flu-

78 1571 245 1634 minibus⁵
263 1580 381 1635 vestris
399 1580 487 1635 totas
505 1572 672 1636 immittite
693 1571 873 1635 habenas?
921 1571 1078 1642 Iusserat.

81 1677 128 1737 Hi
149 1675 300 1750 redeunt,
317 1695 356 1738 ac
379 1675 528 1739 fontibus
552 1684 610 1738 ora
632 1675 792 1739 relaxant.
840 1675 883 1738 Et
906 1675 1080 1738 defrenato

79 1784 178 1842 cursu
198 1778 375 1842 volvuntur
390 1780 423 1841 in
440 1799 593 1861 aequora.
642 1779 823 1860 Neptunus
841 1778 1005 1842 tridente⁰
1020 1786 1080 1842 suo

79 1880 245 1962 percussit
267 1893 399 1945 terram.
447 1883 511 1944 Illa
532 1881 702 1945 intremuit
724 1889 882 1963 motuque
900 1883 972 1944 vias
991 1891 1119 1963 pate-15

79 1984 159 2048 fecit
178 1991 350 2067 aquarum.
397 1985 552 2053 Flumina
572 1967 752 2066 ruunt'per
775 1992 908 2066 apertos
931 1993 1077 2066 campos.

81 2089 221 2170 Iamque
248 2108 339 2152 mare
363 2097 396 2152 et
422 2088 521 2152 tellus
546 2088 672 2151 nullum
697 2087 876 2151 discrimen
901 2086 1078 2152 habebant.

81 2191 205 2254 Omnia
221 2201 343 2272 pontus
359 2201 463 2256 erant.

122 2294 280 2376 Occupat
310 2295 381 2358 hio⁷
411 2295 538 2371 collem,
569 2297 604 2358 in
639 2294 759 2358 cumba
784 2294 878 2358 sedet
911 2294 1016 2370 alter,⁷
1046 2304 1080 2357 et

79 2398 170 2461 ducit
219 2405 328 2460 remos
379 2398 436 2461 ubi
486 2406 593 2479 nuper
644 2406 804 2462 araverat.
867 2397 929 2461 Ille
979 2417 1079 2477 super
1090 2427 1118 2458 20

79 2508 213 2583 segetes
229 2510 286 2564 aut
301 2522 430 2566 mersae
446 2501 590 2565 culmina
605 2502 703 2566 villae
720 2502 864 2583 navigat,
883 2502 935 2564 hic
953 2500 1078 2582 piscem

124 2745 146 2778 1.
171 2729 259 2780 Notus
272 2727 392 2798 brought
411 2728 458 2781 the
471 2728 553 2782 mois·
603 2736 700 2782 waters
713 2726 866 2781 flowiorth.
955 2773 957 2776 .

78 2813 233 2867 ture-laden
270 2814 365 2867 clouds
402 2815 471 2868 from
506 2816 554 2869 the
649 2830 673 2879 5.
697 2816 868 2866 fluminibus:
888 2815 953 2884 give
964 2811 1007 2866 all
1016 2814 1077 2866 rein

78 2917 135 2953 sea.
603 2909 631 2954 to
636 2918 710 2970 your
722 2907 847 2953 streams.

121 3004 148 3039 2.
173 2975 276 3040 tritor:
296 2990 432 3056 Neptune.
441 2989 554 3042 brother
647 2995 672 3040 ⁶.
697 2990 830 3041 tridente:
862 2987 909 3040 the
922 2985 1030 3056 symbol
1043 2985 1074 3039 01'

78 3073 109 3126 oi
117 3073 225 3143 Jupiter
236 3074 292 3128 and
305 3074 365 3128 lord
378 3075 408 3128 of
418 3075 463 3128 the
477 3092 533 3129 sea.
604 3075 646 3128 his
659 3091 759 3144 power.

120 3179 145 3225 3.
170 3163 231 3212 hic:
246 3163 385 3230 Neptune.
648 3179 672 3226 7.
699 3164 751 3229 bic,
770 3163 855 3214 alter:
872 3151 1076 3226 ,bnaanotkcn

121 3267 147 3313 4.
173 3251 294 3314 aperite:
329 3250 372 3300 ale.
394 3255 424 3302 to
444 3249 481 3303 let
503 3249 551 3303 the
603 3248 746 3319 Similarly,
760 3250 807 3300 ille
819 3248 875 3302 and
887 3251 931 3299 bic
943 3247 1040 3301 below.
