<?xml version="1.0" encoding="UTF-8"?>
<!DOCTYPE html PUBLIC "-//W3C//DTD XHTML 1.0 Transitional//EN"
    "http://www.w3.org/TR/xhtml1/DTD/xhtml1-transitional.dtd">
<html xmlns="http://www.w3.org/1999/xhtml" xml:lang="en" lang="en">
 <head>
  <title>
</title>
<meta http-equiv="Content-Type" content="text/html;charset=utf-8" />
  <meta name='ocr-system' content='tesseract 3.04.00' />
  <meta name='ocr-capabilities' content='ocr_page ocr_carea ocr_par ocr_line ocrx_word'/>
</head>
<body>
  <div class='ocr_page' id='page_1' title='image "./alatinreadereas00gallgoog_0077.png"; bbox 0 0 2480 3702; ppageno 0'>
   <div class='ocr_carea' id='block_1_1' title="bbox 150 263 805 337">
    <p class='ocr_par' dir='ltr' id='par_1_1' title="bbox 150 263 805 337">
     <span class='ocr_line' id='line_1_1' title="bbox 150 263 805 337; baseline -0.009 -17"><span class='ocrx_word' id='word_1_1' title='bbox 150 272 193 337; x_wconf 93' lang='lat'>70</span> <span class='ocrx_word' id='word_1_2' title='bbox 499 263 617 316; x_wconf 73' lang='lat' dir='ltr'>Lanu</span> <span class='ocrx_word' id='word_1_3' title='bbox 643 263 805 315; x_wconf 74' lang='lat' dir='ltr'>Renoua</span> 
     </span>
    </p>
   </div>
   <div class='ocr_carea' id='block_1_2' title="bbox 111 441 1160 2600">
    <p class='ocr_par' dir='ltr' id='par_1_2' title="bbox 151 441 1160 732">
     <span class='ocr_line' id='line_1_2' title="bbox 195 441 1158 526; baseline -0.003 -20"><span class='ocrx_word' id='word_1_4' title='bbox 195 444 331 506; x_wconf 77' lang='lat' dir='ltr'>Postero</span> <span class='ocrx_word' id='word_1_5' title='bbox 347 441 400 504; x_wconf 77' lang='lat' dir='ltr'>die</span> <span class='ocrx_word' id='word_1_6' title='bbox 416 448 483 517; x_wconf 75' lang='lat' dir='ltr'>rex,</span> <span class='ocrx_word' id='word_1_7' title='bbox 511 451 567 524; x_wconf 92' lang='lat' dir='ltr'>qui</span> <span class='ocrx_word' id='word_1_8' title='bbox 592 442 755 526; x_wconf 89' lang='lat' dir='ltr'>Pyrrhum</span> <span class='ocrx_word' id='word_1_9' title='bbox 779 449 946 505; x_wconf 72' lang='lat' dir='ltr'>exterrere</span> <span class='ocrx_word' id='word_1_10' title='bbox 970 449 1158 523; x_wconf 77' lang='lat' dir='ltr'>conspectu</span> 
     </span>
     <span class='ocr_line' id='line_1_3' title="bbox 151 545 1160 628; baseline -0.004 -17"><span class='ocrx_word' id='word_1_11' title='bbox 151 546 261 611; x_wconf 78' lang='lat' dir='ltr'>subito</span> <span class='ocrx_word' id='word_1_12' title='bbox 283 546 454 628; x_wconf 76' lang='lat' dir='ltr'>elephanti</span> <span class='ocrx_word' id='word_1_13' title='bbox 477 545 620 621; x_wconf 75' lang='lat' dir='ltr'>volebat,</span> <span class='ocrx_word' id='word_1_14' title='bbox 643 545 819 626; x_wconf 81' lang='lat' dir='ltr'>imperavit</span> <span class='ocrx_word' id='word_1_15' title='bbox 842 555 911 608; x_wconf 92' lang='lat' dir='ltr'>suis</span> <span class='ocrx_word' id='word_1_16' title='bbox 936 555 982 620; x_wconf 91' lang='lat' dir='ltr'>ut,</span> <span class='ocrx_word' id='word_1_17' title='bbox 1001 545 1160 608; x_wconf 78' lang='lat' dir='ltr'>Fabricio</span> 
     </span>
     <span class='ocr_line' id='line_1_4' title="bbox 151 649 1158 732; baseline -0.002 -18"><span class='ocrx_word' id='word_1_18' title='bbox 151 659 265 715; x_wconf 74' lang='lat' dir='ltr'>secum</span> <span class='ocrx_word' id='word_1_19' title='bbox 281 649 524 732; x_wconf 90' lang='lat' dir='ltr'>conloquente,¹</span> <span class='ocrx_word' id='word_1_20' title='bbox 536 649 635 713; x_wconf 74' lang='lat' dir='ltr'>belua</span> <span class='ocrx_word' id='word_1_21' title='bbox 649 659 725 731; x_wconf 92' lang='lat' dir='ltr'>post</span> <span class='ocrx_word' id='word_1_22' title='bbox 740 649 893 712; x_wconf 89' lang='lat' dir='ltr'>aulaeum</span> <span class='ocrx_word' id='word_1_23' title='bbox 911 649 1158 712; x_wconf 73' lang='lat' dir='ltr'>admoveretur.</span> 
     </span>
    </p>

    <p class='ocr_par' dir='ltr' id='par_1_3' title="bbox 197 753 1157 837">
     <span class='ocr_line' id='line_1_5' title="bbox 197 753 1157 837; baseline -0.002 -20"><span class='ocrx_word' id='word_1_24' title='bbox 197 753 297 837; x_wconf 84' lang='lat' dir='ltr'>Quod</span> <span class='ocrx_word' id='word_1_25' title='bbox 314 753 371 816; x_wconf 94' lang='lat' dir='ltr'>ubi</span> <span class='ocrx_word' id='word_1_26' title='bbox 386 753 513 816; x_wconf 87' lang='lat' dir='ltr'>facturn</span> <span class='ocrx_word' id='word_1_27' title='bbox 529 761 589 829; x_wconf 88' lang='lat' dir='ltr'>est,</span> <span class='ocrx_word' id='word_1_28' title='bbox 608 761 705 834; x_wconf 77' lang='lat' dir='ltr'>signo</span> <span class='ocrx_word' id='word_1_29' title='bbox 721 753 800 816; x_wconf 80' lang='lat' dir='ltr'>dato</span> <span class='ocrx_word' id='word_1_30' title='bbox 815 760 1010 835; x_wconf 78' lang='lat' dir='ltr'>remotoque</span> <span class='ocrx_word' id='word_1_31' title='bbox 1026 754 1157 828; x_wconf 76' lang='lat' dir='ltr'>aulaeo,</span> 
     </span>
    </p>

    <p class='ocr_par' dir='ltr' id='par_1_4' title="bbox 128 855 1159 1044">
     <span class='ocr_line' id='line_1_6' title="bbox 128 855 1159 937; baseline -0.004 -15"><span class='ocrx_word' id='word_1_32' title='bbox 128 858 250 929; x_wconf 73' lang='lat' dir='ltr'>sbelua</span> <span class='ocrx_word' id='word_1_33' title='bbox 275 857 449 921; x_wconf 75' lang='lat' dir='ltr'>stridorem</span> <span class='ocrx_word' id='word_1_34' title='bbox 477 857 679 920; x_wconf 89' lang='lat' dir='ltr'>horrendum</span> <span class='ocrx_word' id='word_1_35' title='bbox 711 857 829 931; x_wconf 74' lang='lat' dir='ltr'>emisit,</span> <span class='ocrx_word' id='word_1_36' title='bbox 858 864 892 920; x_wconf 89' lang='lat' dir='ltr'>et</span> <span class='ocrx_word' id='word_1_37' title='bbox 922 855 1159 937; x_wconf 91' lang='lat' dir='ltr'>proboscidem</span> 
     </span>
     <span class='ocr_line' id='line_1_7' title="bbox 153 960 676 1044; baseline -0.004 -19"><span class='ocrx_word' id='word_1_38' title='bbox 153 981 254 1044; x_wconf 92' lang='lat' dir='ltr'>super</span> <span class='ocrx_word' id='word_1_39' title='bbox 272 961 403 1025; x_wconf 93' lang='lat' dir='ltr'>Fabrici</span> <span class='ocrx_word' id='word_1_40' title='bbox 420 970 521 1042; x_wconf 92' lang='lat' dir='ltr'>caput</span> <span class='ocrx_word' id='word_1_41' title='bbox 536 960 676 1023; x_wconf 75' lang='lat' dir='ltr'>demIsit.</span> 
     </span>
    </p>

    <p class='ocr_par' dir='ltr' id='par_1_5' title="bbox 197 1064 567 1140">
     <span class='ocr_line' id='line_1_8' title="bbox 197 1064 567 1140; baseline -0.005 -10"><span class='ocrx_word' id='word_1_42' title='bbox 197 1065 265 1130; x_wconf 89' lang='lat' dir='ltr'>Sed</span> <span class='ocrx_word' id='word_1_43' title='bbox 281 1065 356 1140; x_wconf 85' lang='lat' dir='ltr'>ille,²</span> <span class='ocrx_word' id='word_1_44' title='bbox 373 1064 567 1128; x_wconf 75' lang='lat' dir='ltr'>subridens:</span> 
     </span>
    </p>

    <p class='ocr_par' dir='ltr' id='par_1_6' title="bbox 152 1167 1160 1338">
     <span class='ocr_line' id='line_1_9' title="bbox 198 1167 1160 1251; baseline 0 -19"><span class='ocrx_word' id='word_1_45' title='bbox 198 1170 348 1251; x_wconf 89' lang='lat' dir='ltr'>“Neque</span> <span class='ocrx_word' id='word_1_46' title='bbox 365 1169 436 1232; x_wconf 90' lang='lat' dir='ltr'>heri</span> <span class='ocrx_word' id='word_1_47' title='bbox 452 1175 505 1230; x_wconf 75' lang='lat' dir='ltr'>me</span> <span class='ocrx_word' id='word_1_48' title='bbox 521 1188 638 1231; x_wconf 91' lang='lat' dir='ltr'>aurum</span> <span class='ocrx_word' id='word_1_49' title='bbox 657 1178 751 1231; x_wconf 91' lang='lat' dir='ltr'>tuum</span> <span class='ocrx_word' id='word_1_50' title='bbox 768 1167 913 1251; x_wconf 75' lang='lat' dir='ltr'>pellexit,</span> <span class='ocrx_word' id='word_1_51' title='bbox 931 1187 1041 1250; x_wconf 91' lang='lat' dir='ltr'>neque</span> <span class='ocrx_word' id='word_1_52' title='bbox 1058 1168 1160 1232; x_wconf 73' lang='lat' dir='ltr'>hodie</span> 
     </span>
     <span class='ocr_line' id='line_1_10' title="bbox 152 1271 488 1338; baseline -0.009 -1"><span class='ocrx_word' id='word_1_53' title='bbox 152 1273 270 1337; x_wconf 90' lang='lat' dir='ltr'>terruit</span> <span class='ocrx_word' id='word_1_54' title='bbox 286 1274 384 1338; x_wconf 66' lang='lat' dir='ltr'>bilua</span> <span class='ocrx_word' id='word_1_55' title='bbox 399 1271 488 1335; x_wconf 86' lang='lat' dir='ltr'>tua.&#39;&#39;</span> 
     </span>
    </p>

    <p class='ocr_par' dir='ltr' id='par_1_7' title="bbox 116 1375 1160 1874">
     <span class='ocr_line' id='line_1_11' title="bbox 116 1375 1160 1459; baseline 0.002 -22"><span class='ocrx_word' id='word_1_56' title='bbox 116 1407 143 1437; x_wconf 80' lang='grc' dir='ltr'>ιο</span> <span class='ocrx_word' id='word_1_57' title='bbox 198 1377 330 1441; x_wconf 86' lang='lat' dir='ltr'>Fabrici</span> <span class='ocrx_word' id='word_1_58' title='bbox 352 1377 534 1439; x_wconf 78' lang='lat' dir='ltr'>admiratus</span> <span class='ocrx_word' id='word_1_59' title='bbox 556 1377 713 1439; x_wconf 81' lang='lat' dir='ltr'>virtutem</span> <span class='ocrx_word' id='word_1_60' title='bbox 739 1376 886 1459; x_wconf 86' lang='lat' dir='ltr'>Pyrrhus</span> <span class='ocrx_word' id='word_1_61' title='bbox 909 1375 1002 1439; x_wconf 92' lang='lat' dir='ltr'>illurn</span> <span class='ocrx_word' id='word_1_62' title='bbox 1027 1382 1160 1439; x_wconf 72' lang='lat' dir='ltr'>secrcto</span> 
     </span>
     <span class='ocr_line' id='line_1_12' title="bbox 152 1479 1160 1562; baseline -0.002 -18"><span class='ocrx_word' id='word_1_63' title='bbox 152 1482 303 1544; x_wconf 79' lang='lat' dir='ltr'>invitavit</span> <span class='ocrx_word' id='word_1_64' title='bbox 319 1489 355 1544; x_wconf 89' lang='lat' dir='ltr'>ut</span> <span class='ocrx_word' id='word_1_65' title='bbox 371 1481 512 1561; x_wconf 91' lang='lat' dir='ltr'>patriam</span> <span class='ocrx_word' id='word_1_66' title='bbox 529 1480 699 1544; x_wconf 75' lang='lat' dir='ltr'>desereret</span> <span class='ocrx_word' id='word_1_67' title='bbox 713 1487 747 1542; x_wconf 88' lang='lat' dir='ltr'>et</span> <span class='ocrx_word' id='word_1_68' title='bbox 763 1479 805 1541; x_wconf 95' lang='lat' dir='ltr'>ad</span> <span class='ocrx_word' id='word_1_69' title='bbox 822 1486 859 1542; x_wconf 74' lang='lat' dir='ltr'>se</span> <span class='ocrx_word' id='word_1_70' title='bbox 879 1489 1017 1555; x_wconf 87' lang='lat' dir='ltr'>veniret,</span> <span class='ocrx_word' id='word_1_71' title='bbox 1037 1487 1160 1562; x_wconf 73' lang='lat' dir='ltr'>quarta</span> 
     </span>
     <span class='ocr_line' id='line_1_13' title="bbox 152 1584 1160 1668; baseline -0.003 -19"><span class='ocrx_word' id='word_1_72' title='bbox 152 1595 247 1668; x_wconf 86' lang='lat' dir='ltr'>parte</span> <span class='ocrx_word' id='word_1_73' title='bbox 271 1584 371 1648; x_wconf 90' lang='lat' dir='ltr'>etiam</span> <span class='ocrx_word' id='word_1_74' title='bbox 397 1593 492 1665; x_wconf 87' lang='lat' dir='ltr'>regni</span> <span class='ocrx_word' id='word_1_75' title='bbox 522 1594 574 1646; x_wconf 92' lang='lat' dir='ltr'>sui</span> <span class='ocrx_word' id='word_1_76' title='bbox 603 1584 738 1651; x_wconf 74' lang='lat' dir='ltr'>oblata.³.</span> <span class='ocrx_word' id='word_1_77' title='bbox 794 1584 881 1665; x_wconf 75' lang='lat' dir='ltr'>Regi</span> <span class='ocrx_word' id='word_1_78' title='bbox 908 1584 1082 1647; x_wconf 88' lang='lat' dir='ltr'>Fabricius</span> <span class='ocrx_word' id='word_1_79' title='bbox 1110 1585 1160 1646; x_wconf 89' lang='lat' dir='ltr'>ita</span> 
     </span>
     <span class='ocr_line' id='line_1_14' title="bbox 152 1686 1157 1770; baseline 0.001 -19"><span class='ocrx_word' id='word_1_80' title='bbox 152 1688 341 1770; x_wconf 90' lang='lat' dir='ltr'>respondit:</span> <span class='ocrx_word' id='word_1_81' title='bbox 366 1688 433 1752; x_wconf 91' lang='lat' dir='ltr'>“Si</span> <span class='ocrx_word' id='word_1_82' title='bbox 448 1695 502 1750; x_wconf 77' lang='lat' dir='ltr'>me</span> <span class='ocrx_word' id='word_1_83' title='bbox 516 1689 624 1750; x_wconf 90' lang='lat' dir='ltr'>virum</span> <span class='ocrx_word' id='word_1_84' title='bbox 642 1686 767 1750; x_wconf 92' lang='lat' dir='ltr'>bonurn</span> <span class='ocrx_word' id='word_1_85' title='bbox 784 1687 920 1764; x_wconf 75' lang='lat' dir='ltr'>iudicas,</span> <span class='ocrx_word' id='word_1_86' title='bbox 945 1695 1004 1751; x_wconf 79' lang='lat' dir='ltr'>cur</span> <span class='ocrx_word' id='word_1_87' title='bbox 1028 1694 1083 1750; x_wconf 72' lang='lat' dir='ltr'>me</span> <span class='ocrx_word' id='word_1_88' title='bbox 1105 1698 1157 1752; x_wconf 92' lang='lat' dir='ltr'>vis</span> 
     </span>
     <span class='ocr_line' id='line_1_15' title="bbox 151 1791 1076 1874; baseline 0 -19"><span class='ocrx_word' id='word_1_89' title='bbox 151 1791 386 1874; x_wconf 90' lang='lat' dir='ltr'>corrumpere?</span> <span class='ocrx_word' id='word_1_90' title='bbox 433 1792 492 1856; x_wconf 89' lang='lat' dir='ltr'>Sin</span> <span class='ocrx_word' id='word_1_91' title='bbox 508 1799 587 1854; x_wconf 74' lang='lat' dir='ltr'>vero</span> <span class='ocrx_word' id='word_1_92' title='bbox 603 1792 737 1867; x_wconf 90' lang='lat' dir='ltr'>malurn,</span> <span class='ocrx_word' id='word_1_93' title='bbox 754 1798 813 1854; x_wconf 79' lang='lat' dir='ltr'>cur</span> <span class='ocrx_word' id='word_1_94' title='bbox 833 1799 886 1854; x_wconf 75' lang='lat' dir='ltr'>me</span> <span class='ocrx_word' id='word_1_95' title='bbox 904 1791 1076 1855; x_wconf 76' lang='lat' dir='ltr'>invitas?”</span> 
     </span>
    </p>

    <p class='ocr_par' dir='ltr' id='par_1_8' title="bbox 114 1894 1159 2394">
     <span class='ocr_line' id='line_1_16' title="bbox 114 1894 1159 1978; baseline 0.002 -20"><span class='ocrx_word' id='word_1_96' title='bbox 114 1924 141 1970; x_wconf 61' lang='grc' dir='ltr'>ις</span> <span class='ocrx_word' id='word_1_97' title='bbox 196 1895 349 1959; x_wconf 91' lang='lat' dir='ltr'>Medicus</span> <span class='ocrx_word' id='word_1_98' title='bbox 365 1894 473 1976; x_wconf 77' lang='lat' dir='ltr'>regis⁴</span> <span class='ocrx_word' id='word_1_99' title='bbox 488 1905 585 1958; x_wconf 91' lang='lat' dir='ltr'>nocte</span> <span class='ocrx_word' id='word_1_100' title='bbox 607 1895 650 1957; x_wconf 92' lang='lat' dir='ltr'>ad</span> <span class='ocrx_word' id='word_1_101' title='bbox 668 1894 857 1958; x_wconf 90' lang='lat' dir='ltr'>Fabricium</span> <span class='ocrx_word' id='word_1_102' title='bbox 873 1897 965 1959; x_wconf 77' lang='lat' dir='ltr'>venit</span> <span class='ocrx_word' id='word_1_103' title='bbox 989 1907 1087 1978; x_wconf 93' lang='lat' dir='ltr'>eique</span> <span class='ocrx_word' id='word_1_104' title='bbox 1109 1895 1159 1960; x_wconf 90' lang='lat' dir='ltr'>ita</span> 
     </span>
     <span class='ocr_line' id='line_1_17' title="bbox 152 1999 1156 2084; baseline 0 -20"><span class='ocrx_word' id='word_1_105' title='bbox 152 2000 317 2083; x_wconf 91' lang='lat' dir='ltr'>pollicitus</span> <span class='ocrx_word' id='word_1_106' title='bbox 342 2007 412 2064; x_wconf 89' lang='lat' dir='ltr'>est:</span> <span class='ocrx_word' id='word_1_107' title='bbox 446 1999 512 2063; x_wconf 90' lang='lat' dir='ltr'>“Si</span> <span class='ocrx_word' id='word_1_108' title='bbox 537 2000 723 2080; x_wconf 89' lang='lat' dir='ltr'>praemium</span> <span class='ocrx_word' id='word_1_109' title='bbox 750 1999 831 2062; x_wconf 90' lang='lat' dir='ltr'>mihi</span> <span class='ocrx_word' id='word_1_110' title='bbox 854 1999 958 2076; x_wconf 93' lang='lat' dir='ltr'>dabis,</span> <span class='ocrx_word' id='word_1_111' title='bbox 989 2001 1156 2084; x_wconf 92' lang='lat' dir='ltr'>Pyrrhum</span> 
     </span>
     <span class='ocr_line' id='line_1_18' title="bbox 149 2091 1158 2168; baseline -0.001 -1"><span class='ocrx_word' id='word_1_112' title='bbox 149 2111 281 2167; x_wconf 73' lang='lat' dir='ltr'>veneno</span> <span class='ocrx_word' id='word_1_113' title='bbox 304 2091 463 2167; x_wconf 64' lang='lat' dir='ltr'>necade‘</span> <span class='ocrx_word' id='word_1_114' title='bbox 528 2103 629 2166; x_wconf 93' lang='lat' dir='ltr'>Hunc</span> <span class='ocrx_word' id='word_1_115' title='bbox 659 2102 832 2166; x_wconf 91' lang='lat' dir='ltr'>Fabricius</span> <span class='ocrx_word' id='word_1_116' title='bbox 859 2110 1008 2166; x_wconf 90' lang='lat' dir='ltr'>vinctum</span> <span class='ocrx_word' id='word_1_117' title='bbox 1040 2103 1158 2168; x_wconf 78' lang='lat' dir='ltr'>reduci</span> 
     </span>
     <span class='ocr_line' id='line_1_19' title="bbox 150 2206 1158 2291; baseline 0.002 -21"><span class='ocrx_word' id='word_1_118' title='bbox 150 2208 245 2271; x_wconf 91' lang='lat' dir='ltr'>iussit</span> <span class='ocrx_word' id='word_1_119' title='bbox 261 2207 303 2269; x_wconf 94' lang='lat' dir='ltr'>ad</span> <span class='ocrx_word' id='word_1_120' title='bbox 316 2206 497 2282; x_wconf 90' lang='lat' dir='ltr'>dominum,</span> <span class='ocrx_word' id='word_1_121' title='bbox 514 2216 548 2271; x_wconf 92' lang='lat' dir='ltr'>et</span> <span class='ocrx_word' id='word_1_122' title='bbox 565 2207 692 2290; x_wconf 79' lang='lat' dir='ltr'>Pyrrho</span> <span class='ocrx_word' id='word_1_123' title='bbox 709 2206 774 2269; x_wconf 89' lang='lat' dir='ltr'>dici</span> <span class='ocrx_word' id='word_1_124' title='bbox 789 2226 875 2289; x_wconf 94' lang='lat' dir='ltr'>quae</span> <span class='ocrx_word' id='word_1_125' title='bbox 899 2213 1015 2270; x_wconf 78' lang='lat' dir='ltr'>contra</span> <span class='ocrx_word' id='word_1_126' title='bbox 1031 2209 1158 2291; x_wconf 81' lang='lat' dir='ltr'>caput⁵</span> 
     </span>
     <span class='ocr_line' id='line_1_20' title="bbox 149 2310 1158 2394; baseline -0.001 -19"><span class='ocrx_word' id='word_1_127' title='bbox 149 2311 220 2376; x_wconf 89' lang='lat' dir='ltr'>eius</span> <span class='ocrx_word' id='word_1_128' title='bbox 237 2311 384 2375; x_wconf 91' lang='lat' dir='ltr'>medicus</span> <span class='ocrx_word' id='word_1_129' title='bbox 400 2310 645 2394; x_wconf 90' lang='lat' dir='ltr'>spopondisset.</span> <span class='ocrx_word' id='word_1_130' title='bbox 692 2310 780 2372; x_wconf 90' lang='lat' dir='ltr'>Tum</span> <span class='ocrx_word' id='word_1_131' title='bbox 797 2317 854 2372; x_wconf 73' lang='lat' dir='ltr'>rex</span> <span class='ocrx_word' id='word_1_132' title='bbox 869 2310 991 2374; x_wconf 85' lang='lat' dir='ltr'>dixisse</span> <span class='ocrx_word' id='word_1_133' title='bbox 1006 2312 1116 2375; x_wconf 84' lang='lat' dir='ltr'>fertur</span> <span class='ocrx_word' id='word_1_134' title='bbox 1131 2313 1158 2374; x_wconf 81' lang='lat'>:⁸</span> 
     </span>
    </p>

    <p class='ocr_par' dir='ltr' id='par_1_9' title="bbox 111 2413 1155 2600">
     <span class='ocr_line' id='line_1_21' title="bbox 111 2413 1155 2498; baseline 0 -18"><span class='ocrx_word' id='word_1_135' title='bbox 111 2449 139 2480; x_wconf 82' lang='lat'>20</span> <span class='ocrx_word' id='word_1_136' title='bbox 150 2421 169 2448; x_wconf 85' lang='lat'>‘⁴</span> <span class='ocrx_word' id='word_1_137' title='bbox 181 2416 242 2479; x_wconf 92' lang='lat' dir='ltr'>llle</span> <span class='ocrx_word' id='word_1_138' title='bbox 258 2423 310 2478; x_wconf 89' lang='lat' dir='ltr'>est</span> <span class='ocrx_word' id='word_1_139' title='bbox 327 2413 508 2490; x_wconf 84' lang='lat' dir='ltr'>Fabricius,</span> <span class='ocrx_word' id='word_1_140' title='bbox 527 2424 584 2496; x_wconf 91' lang='lat' dir='ltr'>qui</span> <span class='ocrx_word' id='word_1_141' title='bbox 598 2413 764 2477; x_wconf 89' lang='lat' dir='ltr'>difficilius</span> <span class='ocrx_word' id='word_1_142' title='bbox 780 2414 823 2478; x_wconf 91' lang='lat' dir='ltr'>ab</span> <span class='ocrx_word' id='word_1_143' title='bbox 839 2414 1036 2478; x_wconf 69' lang='lat' dir='ltr'>honestate⁷</span> <span class='ocrx_word' id='word_1_144' title='bbox 1051 2435 1155 2498; x_wconf 89' lang='lat' dir='ltr'>quarn</span> 
     </span>
     <span class='ocr_line' id='line_1_22' title="bbox 149 2517 728 2600; baseline -0.005 -17"><span class='ocrx_word' id='word_1_145' title='bbox 149 2519 198 2583; x_wconf 75' lang='lat' dir='ltr'>sol</span> <span class='ocrx_word' id='word_1_146' title='bbox 219 2527 238 2582; x_wconf 76' lang='lat' dir='ltr'>a</span> <span class='ocrx_word' id='word_1_147' title='bbox 255 2526 316 2582; x_wconf 78' lang='lat' dir='ltr'>sud</span> <span class='ocrx_word' id='word_1_148' title='bbox 332 2525 430 2581; x_wconf 79' lang='lat' dir='ltr'>cursu</span> <span class='ocrx_word' id='word_1_149' title='bbox 448 2528 559 2600; x_wconf 91' lang='lat' dir='ltr'>potest</span> <span class='ocrx_word' id='word_1_150' title='bbox 575 2518 696 2581; x_wconf 76' lang='lat' dir='ltr'>averti!</span> <span class='ocrx_word' id='word_1_151' title='bbox 711 2517 728 2542; x_wconf 89' lang='lat'>’&#39;</span> 
     </span>
    </p>
   </div>
   <div class='ocr_carea' id='block_1_3' title="bbox 147 2732 1154 3332">
    <p class='ocr_par' dir='ltr' id='par_1_10' title="bbox 147 2732 1154 3332">
     <span class='ocr_line' id='line_1_23' title="bbox 194 2732 913 2803; baseline -0.001 -16"><span class='ocrx_word' id='word_1_152' title='bbox 194 2753 217 2787; x_wconf 93' lang='lat'>1.</span> <span class='ocrx_word' id='word_1_153' title='bbox 243 2736 366 2788; x_wconf 79' lang='lat' dir='ltr'>Fabricii&gt;</span> <span class='ocrx_word' id='word_1_154' title='bbox 408 2737 498 2786; x_wconf 75' lang='lat' dir='ltr'>secum</span> <span class='ocrx_word' id='word_1_155' title='bbox 536 2735 624 2786; x_wconf 90' lang='lat' dir='ltr'>conlo·</span> <span class='ocrx_word' id='word_1_156' title='bbox 674 2732 709 2803; x_wconf 86' lang='lat' dir='ltr'>as</span> <span class='ocrx_word' id='word_1_157' title='bbox 719 2732 763 2785; x_wconf 84' lang='lat' dir='ltr'>his</span> <span class='ocrx_word' id='word_1_158' title='bbox 775 2733 913 2802; x_wconf 83' lang='lat' dir='ltr'>kingdom.</span> 
     </span>
     <span class='ocr_line' id='line_1_24' title="bbox 148 2820 1008 2891; baseline 0 -17"><span class='ocrx_word' id='word_1_159' title='bbox 148 2825 263 2890; x_wconf 80' lang='lat' dir='ltr'>quante:</span> <span class='ocrx_word' id='word_1_160' title='bbox 290 2820 372 2874; x_wconf 75' lang='lat' dir='ltr'>while</span> <span class='ocrx_word' id='word_1_161' title='bbox 395 2820 540 2874; x_wconf 83' lang='lat' dir='ltr'>Fabricius</span> <span class='ocrx_word' id='word_1_162' title='bbox 564 2837 623 2873; x_wconf 86' lang='lat' dir='ltr'>was</span> <span class='ocrx_word' id='word_1_163' title='bbox 718 2837 743 2883; x_wconf 82' lang='lat'>4.</span> <span class='ocrx_word' id='word_1_164' title='bbox 770 2821 857 2885; x_wconf 76' lang='lat' dir='ltr'>regis:</span> <span class='ocrx_word' id='word_1_165' title='bbox 878 2821 1008 2891; x_wconf 86' lang='lat' dir='ltr'>Pyrrhus.</span> 
     </span>
     <span class='ocr_line' id='line_1_25' title="bbox 147 2907 1154 2979; baseline 0.001 -16"><span class='ocrx_word' id='word_1_166' title='bbox 147 2910 258 2979; x_wconf 83' lang='lat' dir='ltr'>talking</span> <span class='ocrx_word' id='word_1_167' title='bbox 266 2908 334 2961; x_wconf 81' lang='lat' dir='ltr'>with</span> <span class='ocrx_word' id='word_1_168' title='bbox 346 2907 414 2959; x_wconf 80' lang='lat' dir='ltr'>irz&#39;m.</span> <span class='ocrx_word' id='word_1_169' title='bbox 719 2921 744 2970; x_wconf 85' lang='lat'>⁵·</span> <span class='ocrx_word' id='word_1_170' title='bbox 770 2909 863 2960; x_wconf 74' lang='lat' dir='ltr'>contri</span> <span class='ocrx_word' id='word_1_171' title='bbox 873 2911 969 2974; x_wconf 81' lang='lat' dir='ltr'>eaput:</span> <span class='ocrx_word' id='word_1_172' title='bbox 984 2910 1100 2977; x_wconf 83' lang='lat' dir='ltr'>against</span> <span class='ocrx_word' id='word_1_173' title='bbox 1111 2910 1154 2964; x_wconf 81' lang='lat' dir='ltr'>his</span> 
     </span>
     <span class='ocr_line' id='line_1_26' title="bbox 192 2993 731 3064; baseline -0.006 -15"><span class='ocrx_word' id='word_1_174' title='bbox 192 3013 218 3049; x_wconf 82' lang='lat' dir='ltr'>a.</span> <span class='ocrx_word' id='word_1_175' title='bbox 244 2998 292 3048; x_wconf 83' lang='lat' dir='ltr'>aed</span> <span class='ocrx_word' id='word_1_176' title='bbox 305 2997 368 3047; x_wconf 86' lang='lat' dir='ltr'>ille:</span> <span class='ocrx_word' id='word_1_177' title='bbox 389 3011 466 3048; x_wconf 90' lang='lat' dir='ltr'>some</span> <span class='ocrx_word' id='word_1_178' title='bbox 481 2993 556 3048; x_wconf 90' lang='lat' dir='ltr'>word</span> <span class='ocrx_word' id='word_1_179' title='bbox 569 2993 624 3047; x_wconf 88' lang='lat' dir='ltr'>like</span> <span class='ocrx_word' id='word_1_180' title='bbox 674 2993 731 3064; x_wconf 76' lang='lat' dir='ltr'>lese.</span> 
     </span>
     <span class='ocr_line' id='line_1_27' title="bbox 148 3080 998 3139; baseline -0.005 0"><span class='ocrx_word' id='word_1_181' title='bbox 148 3086 220 3139; x_wconf 83' lang='lat' dir='ltr'>dixit</span> <span class='ocrx_word' id='word_1_182' title='bbox 232 3083 255 3137; x_wconf 90' lang='lat' dir='ltr'>is</span> <span class='ocrx_word' id='word_1_183' title='bbox 267 3080 446 3136; x_wconf 86' lang='lat' dir='ltr'>understood.</span> <span class='ocrx_word' id='word_1_184' title='bbox 718 3087 744 3133; x_wconf 84' lang='lat'>6.</span> <span class='ocrx_word' id='word_1_185' title='bbox 770 3081 871 3135; x_wconf 82' lang='lat' dir='ltr'>fertur:</span> <span class='ocrx_word' id='word_1_186' title='bbox 891 3083 916 3134; x_wconf 84' lang='lat' dir='ltr'>is</span> <span class='ocrx_word' id='word_1_187' title='bbox 927 3084 998 3136; x_wconf 87' lang='lat' dir='ltr'>said.</span> 
     </span>
     <span class='ocr_line' id='line_1_28' title="bbox 192 3169 1154 3240; baseline 0.003 -18"><span class='ocrx_word' id='word_1_188' title='bbox 192 3190 218 3236; x_wconf 72' lang='lat'>³·</span> <span class='ocrx_word' id='word_1_189' title='bbox 244 3173 395 3236; x_wconf 71' lang='lat' dir='ltr'>quarti...</span> <span class='ocrx_word' id='word_1_190' title='bbox 410 3170 517 3221; x_wconf 75' lang='lat' dir='ltr'>obliti:</span> <span class='ocrx_word' id='word_1_191' title='bbox 528 3171 625 3238; x_wconf 71' lang='lat' dir='ltr'>prant-</span> <span class='ocrx_word' id='word_1_192' title='bbox 719 3185 743 3232; x_wconf 87' lang='lat'>7.</span> <span class='ocrx_word' id='word_1_193' title='bbox 770 3172 804 3222; x_wconf 82' lang='lat' dir='ltr'>ab</span> <span class='ocrx_word' id='word_1_194' title='bbox 826 3172 984 3222; x_wconf 78' lang='lat' dir='ltr'>honestite:</span> <span class='ocrx_word' id='word_1_195' title='bbox 1002 3169 1088 3240; x_wconf 80' lang='lat' dir='ltr'>from</span> <span class='ocrx_word' id='word_1_196' title='bbox 1108 3172 1154 3226; x_wconf 79' lang='lat' dir='ltr'>the</span> 
     </span>
     <span class='ocr_line' id='line_1_29' title="bbox 148 3254 964 3332; baseline -0.006 -20"><span class='ocrx_word' id='word_1_197' title='bbox 148 3261 222 3332; x_wconf 50' lang='grc' dir='ltr'>ἰδίης</span> <span class='ocrx_word' id='word_1_198' title='bbox 241 3255 299 3308; x_wconf 77' lang='lat' dir='ltr'>Irim</span> <span class='ocrx_word' id='word_1_199' title='bbox 320 3269 386 3307; x_wconf 83' lang='lat' dir='ltr'>even</span> <span class='ocrx_word' id='word_1_200' title='bbox 405 3271 423 3305; x_wconf 91' lang='lat' dir='ltr'>a</span> <span class='ocrx_word' id='word_1_201' title='bbox 434 3254 538 3324; x_wconf 80' lang='lat' dir='ltr'>fourth</span> <span class='ocrx_word' id='word_1_202' title='bbox 553 3258 625 3323; x_wconf 75' lang='lat' dir='ltr'>pari</span> <span class='ocrx_word' id='word_1_203' title='bbox 679 3254 814 3323; x_wconf 81' lang='lat' dir='ltr'>paihway</span> <span class='ocrx_word' id='word_1_204' title='bbox 826 3256 964 3326; x_wconf 77' lang='lat' dir='ltr'>ofdanor.</span> 
     </span>
    </p>
   </div>
   <div class='ocr_carea' id='block_1_4' title="bbox 0 0 1244 3702">
    <p class='ocr_par' dir='ltr' id='par_1_11' title="bbox 0 0 1244 3702">
     <span class='ocr_line' id='line_1_30' title="bbox 0 0 1244 3702; baseline 0 0"><span class='ocrx_word' id='word_1_205' title='bbox 0 0 1244 3702; x_wconf 95' lang='lat' dir='ltr'> </span> 
     </span>
    </p>
   </div>
  </div>
 </body>
</html>
