2470 3712
386 234 503 288 LATlN
529 235 691 289 READER

185 469 239 539 18.
274 466 430 564 Liberty
455 467 590 539 Better
605 449 708 539 'than
734 465 900 561 Luxury

82 631 211 711 Lupus,
228 639 286 713 qui
308 649 425 693 canem
448 617 536 694 berle
559 637 750 712 saginatum
770 630 915 707 videbat,
935 629 1040 695 excla-

37 736 159 796 mavit:
184 734 351 815 “Quanta
374 743 426 798 est
448 742 507 798 tua
530 733 713 797 felicit5s¹l
759 734 812 796 Τῡ
836 734 925 796 laute
945 733 1040 812 vivis,

37 848 71 901 at
84 857 148 918 ego
160 837 270 900 fame²
285 837 423 921 epecor!
438 836 456 863 ''
505 836 693 918 Respondit
708 837 820 901 canis:
846 837 962 901 “Veni
977 843 1041 901 me

37 941 137 1005 cum³
161 941 197 1003 in
224 939 358 1018 urbem;
399 939 446 1004 ibi
475 940 615 1005 eandem
641 941 836 1005 felicitatem
870 940 1038 1006 habebis?

38 1149 236 1212 madvertit‘
251 1148 350 1231 lupus
366 1148 400 1212 in
416 1148 503 1212 collo
519 1150 611 1212 canis
627 1157 758 1213 attritos
775 1148 870 1232 pilos.
919 1148 1039 1231 “Quid

39 1252 101 1317 hoc
117 1263 169 1316 est
180 1253 217 1315 ?'’
234 1252 349 1335 inquit.
391 1257 410 1286 ‘⁶
425 1253 515 1315 Num
528 1251 643 1334 iugum
661 1252 830 1316 sustines?
869 1252 958 1315 Nam
975 1269 1041 1316 cer·

39 1366 89 1419 vix
102 1365 160 1419 tua
172 1356 289 1438 glabra
300 1356 382 1420 est.’'
415 1360 435 1389 ‘⁴
447 1350 540 1418 Nihil
552 1355 635 1432 est,''
646 1355 820 1439 respondit
831 1354 932 1431 canis
950 1360 968 1388 “
981 1355 1040 1420 sed

39 1458 181 1524 interdiu
198 1467 252 1522 me
267 1459 415 1541 alligant,
432 1468 469 1522 ut
484 1465 586 1523 noctu
602 1458 682 1523 sim⁶
696 1459 896 1541 vigilantior.
944 1459 1041 1524 Haec

40 1572 116 1626 sunt
138 1564 280 1644 vestigia
303 1563 434 1626 collaris
457 1562 579 1645 quod
570 1583 604 1625 1n
628 1571 792 1627 cervicem
815 1582 925 1627 meam
950 1563 1041 1646 poni·
1053 1590 1081 1621 10

40 1667 120 1729 tur.”
169 1667 257 1728 Tum
274 1665 393 1747 lupus·
418 1665 542 1741 “Vale
555 1673 669 1730 amice
718 1666 796 1730 an
812 1665 913 1729 mihi⁷
928 1666 1041 1794 placet

41 1769 181 1834 filicitas
197 1768 357 1833 servitute
374 1768 538 1852 empta.”⁸

92 2100 146 2169 19.
198 2075 326 2178 Breve
352 2077 394 2151 in
424 2074 592 2162 Counsel,
627 2077 665 2148 T
660 2074 760 2148 zinz'd
780 2075 823 2149 in
848 2074 992 2178 Action

84 2244 199 2306 Mures
222 2242 402 2334 aliquando
420 2243 602 2306 concilium
629 2242 807 2319 habebant,
835 2263 914 2306 nam
941 2263 1042 2326 quan-

44 2344 136 2408 dam⁹
160 2345 271 2422 telem,
295 2366 381 2428 quae
403 2352 555 2409 venatrix
586 2354 694 2427 perita
724 2355 806 2423 erat,
838 2367 1042 2429 magnopere

44 2448 210 2513 timebant.
259 2450 368 2513 Multa
390 2449 529 2513 consilia
555 2451 727 2532 proposita
750 2460 836 2528 sunt,
861 2451 921 2516 sed
946 2453 1082 2523 muri-15

78 2641 99 2678 ι.
118 2625 194 2696 good
195 2626 323 2698 fortune.
604 2639 629 2696 5.
656 2629 773 2692 notices5
808 2627 931 2698 literally,
961 2632 1045 2680 turns

77 2727 99 2764 a.
125 2712 187 2767 The
202 2729 284 2767 cause
300 2712 333 2767 of
347 2712 391 2767 his
410 2712 516 2784 perish-
565 2711 610 2766 his
628 2716 710 2767 mind
723 2715 841 2767 toward.

47 2794 97 2867 ing.
601 2807 627 2852 6.
653 2800 729 2855 Verb
743 2800 774 2853 of
782 2817 799 2852 a
810 2816 926 2869 purpose
936 2801 1043 2868 clause;

79 2901 99 2947 ³·
122 2901 183 2939 cum
208 2886 231 2941 is
259 2887 393 2958 regularly
409 2904 445 2941 an
467 2904 516 2941 en·
566 2885 654 2941 hence
667 2887 715 2940 the
728 2885 909 2955 subjunctive.

49 2969 113 3026 elitic
135 2973 201 3028 with
226 2974 273 3028 the
298 2974 425 3044 personal
453 2991 516 3045 pro·
602 2990 628 3039 7.
655 2973 776 3027 Indirect
791 2973 883 3043 object
899 2973 931 3028 of
942 2975 1041 3039 placet.

50 3071 137 3126 nouus,
156 3061 232 3114 osten
251 3061 315 3114 with
337 3061 385 3114 the
404 3061 516 3114 relative
603 3067 628 3112 8.
655 3059 761 3114 Persect
776 3059 917 3130 participle
929 3061 962 3114 of
974 3063 1044 3126 emb,

51 3144 97 3196 and
108 3145 299 3218 interrogative
311 3164 462 3218 pronouns.
570 3147 741 3218 purchased.

81 3248 103 3294 4.
128 3237 194 3286 ini:
215 3235 326 3290 adverb.
603 3250 628 3298 9.
657 3235 739 3286 From
752 3235 872 3299 quidam.

209 3341 284 3381 GALL.
296 3343 353 3381 ur.
367 3343 486 3380 Renu-
500 3343 514 3378 2
