2470 3712
156 271 194 336 52
500 261 617 314 LATIN
643 260 805 312 Rnnnnn

153 451 187 506 et
202 442 354 523 geminos
370 441 457 504 illios
481 441 597 503 Rheae
622 431 754 514 Silviae,
770 439 861 502 filiae
886 439 1081 516 Numitoris,
1097 447 1153 503 rex

153 547 324 628 improbus
348 546 445 610 iussit
464 546 498 607 in
522 544 669 608 Tiberim
689 543 783 606 abici.

198 651 249 712 Εό
264 659 415 730 tempore
431 669 517 732 aqua
529 647 660 711 Tiberis
673 647 759 710 ultrz'r
771 653 860 727 ripis
873 647 1005 710 fluebat.
1054 647 1154 730 Aqua

153 754 313 818 refluens¹
330 760 452 834 pueros
474 754 509 815 in
533 751 622 814 sicco
644 752 785 835 reliquit.
835 751 933 832 Lupa
957 771 1043 833 quae
1063 771 1154 834 prae-

132 857 275 929 steribat
298 864 420 939 pueros
441 857 569 918 curavit
591 855 698 918 donec
723 855 913 930 Faustulus,
934 861 1047 936 pistor
1067 853 1155 918 illius

154 962 309 1043 regionis,
326 969 384 1024 eos
406 960 548 1035 sustulit,
566 969 600 1022 et
616 966 710 1021 uxori
725 959 825 1022 dedit.

198 1065 252 1129 Sic
279 1066 345 1128 duo
372 1074 475 1146 pueri,
500 1064 619 1146 quibus
646 1073 741 1126 erant
769 1062 903 1138 nomina
933 1062 1097 1126 Romulus
1122 1073 1157 1127 et

156 1170 291 1245 Remus,
313 1169 399 1232 inter
428 1175 578 1248 pistores
602 1168 733 1230 educati
757 1167 857 1229 sunt.²
903 1167 1003 1230 Forte
1025 1186 1156 1248 compe-

153 1281 268 1335 rerunt
283 1271 357 1354 quis
379 1272 526 1354 ipsorum
549 1291 630 1334 avus
646 1280 744 1334 esset.
793 1269 966 1333 Amulium
982 1269 1155 1333 interiece-

118 1406 145 1436 10
154 1386 240 1452 runt,
258 1386 291 1439 et
309 1377 477 1439 Numitori
492 1394 634 1456 regnum
655 1373 877 1438 restituerunt
926 1374 1012 1436 Tum
1035 1373 1153 1436 urbem

154 1480 375 1544 condiderunt
403 1478 437 1541 in
454 1479 584 1542 monte³
611 1497 716 1559 prope
746 1475 903 1552 Tiberim,
930 1475 987 1540 ubi
1021 1477 1157 1541 educati

154 1592 259 1658 erant,
276 1602 376 1666 quam
393 1581 508 1645 urbem
528 1583 669 1644 Romam
685 1580 861 1644 vocabant,

291 1836 350 1923 46.
402 1831 574 1902 Romans
597 1827 681 1901 and
702 1808 860 1902 Subz'nes
886 1829 1009 1926 Fzgglt

200 2023 319 2104 Itaque
340 2022 474 2086 Sabini⁴
487 2021 613 2084 bellum
630 2031 750 2103 parant
772 2030 807 2086 et
830 2021 962 2085 arcem⁵
977 2033 1158 2105 occupant.

157 2126 330 2189 Exercitus
355 2126 527 2188 Romanus
550 2124 584 2186 in
615 2125 793 2206 campum,⁶
819 2124 876 2187 ubi
910 2145 1000 2188 nunc
1031 2125 1159 2189 Forum

119 2230 346 2298 15Romsnum
363 2238 423 2305 est,
440 2228 620 2292 descendit.
669 2228 793 2304 Sabini,
816 2228 937 2292 Mettio
961 2229 1076 2293 Curtio
1100 2230 1161 2292 do-

155 2344 261 2408 cente,
294 2333 381 2396 idem
411 2333 573 2395 fecerunt.
643 2331 808 2395 Proelium
847 2334 1062 2396 commissum
1094 2343 1156 2397 est.

157 2436 297 2500 Hostius
338 2435 512 2511 Hostilius,
552 2443 708 2518 princeps
748 2436 985 2511 Rbmz’rnorum,
1025 2435 1159 2501 cecidit.

156 2540 343 2605 Confestim
359 2539 447 2603 acies
470 2539 623 2602 Romana
645 2539 865 2603 inclinabitur
881 2540 1025 2622 fusaque
1041 2549 1103 2604 est.

201 2759 224 2794 1.
251 2743 379 2794 refluens:
399 2741 478 2793 when
496 2743 519 2792 it
528 2741 633 2810 flowed
680 2740 752 2795 been
767 2741 857 2795 stolen
876 2740 913 2811 by
931 2739 1105 2796 inhabitants
1124 2741 1158 2796 oi

154 2829 227 2894 back,
248 2831 293 2881 z'.e.
316 2826 375 2881 into
396 2826 431 2880 its
452 2828 630 2881 accustomed
681 2829 727 2882 the
738 2845 797 2882 new
807 2828 965 2881 settlement
974 2844 1011 2881 on
1021 2828 1069 2882 the
1080 2829 1162 2882 Pala·

155 2915 282 2968 channel.
681 2915 747 2969 tine.
791 2914 853 2967 The
880 2913 996 2968 Sabines
1022 2915 1162 2969 therefore

199 3018 224 3052 2.
251 3004 357 3054 educiti
413 3004 493 3053 sunt:
559 3013 632 3054 were
682 3001 761 3054 made
780 3018 844 3053 war.

155 3088 271 3156 brought
289 3092 336 3158 up.
725 3103 750 3152 5.
776 3103 878 3141 arcem:
900 3089 947 3142 the
959 3089 1130 3158 Capitoline.

199 3192 224 3237 3.
250 3174 457 3228 ThePalatiue.
725 3182 751 3227 6.
777 3189 916 3240 campum:
936 3176 1032 3245 onlya
1048 3178 1164 3248 marshy

198 3278 224 3324 4.
251 3260 334 3313 Some
353 3259 456 3313 Sabine
474 3261 561 3314 maids
577 3261 632 3314 had
682 3259 770 3331 valley
782 3269 809 3314 at
822 3261 882 3314 that
894 3260 969 3314 time.
