2480 3702
314 477 511 609 ‘FROM
565 479 699 559 THE
745 478 991 562 PSALMS

373 701 377 712 ·
483 681 542 747 61.
594 675 831 748 Psalmusl

204 837 327 901 Beatus
342 835 413 910 vir‚¹
429 844 485 918 qui
500 843 564 899 non
581 836 661 899 abiit
676 836 710 899 in
725 836 863 900 consilio
877 838 1064 918 impiorum,
1080 850 1115 904 et
1131 840 1164 902 in

158 942 211 1004 via
233 947 446 1023 peccatorum
465 947 532 1002 non
554 942 656 1016 stetit,
672 949 707 1004 et
724 941 759 1002 in
775 941 934 1004 cathedra
950 942 1166 1023 pestilentiae

159 1053 226 1109 non
243 1045 347 1120 sedit3

204 1149 271 1214 Sed
295 1148 328 1211 in
352 1149 426 1231 lege
451 1147 588 1213 Domini
610 1148 767 1213 voluntas
789 1148 870 1226 eius,
887 1158 921 1213 et
943 1150 978 1213 in
997 1149 1072 1232 lege
1091 1152 1166 1214 eius

136 1253 372 1318 §meditabitur
388 1252 440 1316 die
456 1273 496 1316 ac
512 1253 633 1316 nocte.²

204 1359 248 1421 Et
264 1357 326 1422 erit
342 1367 512 1438 tamquam
530 1357 677 1438 lignum⁸
692 1356 781 1439 quod
798 1357 985 1439 plantatum
998 1367 1049 1422 est
1065 1378 1167 1422 secus

159 1462 319 1525 decursus
340 1467 511 1543 aquarum,
528 1460 618 1543 quod
642 1460 790 1524 fructum
812 1480 909 1524 suum
926 1461 1019 1525 dabit
1033 1461 1067 1524 in
1085 1472 1168 1526 tem·

160 1585 240 1648 pore
256 1572 317 1628 suo
328 1585 335 1640 ;

205 1669 250 1732 Et
265 1668 382 1732 folium
406 1668 478 1732 eius
499 1676 567 1731 non
583 1667 727 1744 defluet3
752 1676 787 1733 et
804 1668 916 1733 omnia
932 1688 1167 1752 quaecumque

124 1799 150 1830 10
160 1773 262 1837 faciet
277 1772 572 1855 prosperabuntur.

206 1877 284 1939 Non
307 1885 355 1939 sic
378 1877 480 1958 impii,
499 1885 566 1939 non
585 1883 642 1951 sie,
659 1876 718 1940 sed
742 1885 913 1960 tamquam
929 1876 1046 1958 pulvis,
1063 1897 1166 1960 quem

161 1981 280 2063 proicit
296 1989 416 2044 ventus
432 1986 452 2042 a
469 1980 556 2042 facie
572 1989 690 2044 terrae.

207 2085 288 2148 Ideo
313 2091 379 2147 non
405 2094 581 2164 resurgent
598 2083 691 2165 impii
716 2083 749 2146 in
766 2083 904 2160 iudicio,
925 2103 1032 2166 neque
1052 2091 1169 2166 pecca-

162 2196 250 2252 tores
266 2187 300 2251 in
316 2187 457 2252 concilio
472 2189 644 2251 iustorum.

126 2310 153 2356 15
207 2293 375 2375 Quoniam
404 2292 496 2354 novit
526 2292 691 2354 Dominus
719 2293 806 2354 viam
834 2292 1015 2368 iustorum3
1046 2301 1082 2355 et
1105 2291 1168 2356 iter

162 2397 339 2478 impiorum
356 2395 485 2478 peribit.

385 2555 444 2621 62.
488 2547 526 2620 Τ
520 2549 565 2620 lte
590 2547 786 2646 Shepherd
806 2548 942 2621 Psalm

208 2712 373 2776 Dominus
386 2710 492 2792 regit⁴
507 2718 569 2787 me,
587 2720 619 2774 et
636 2710 718 2773 nihil
736 2710 815 2772 mihi
831 2710 946 2774 deerit.
974 2727 977 2738 ¹

207 2819 248 2880 In
274 2817 346 2879 loco
366 2835 511 2897 pascuae
536 2815 581 2878 ibi
605 2822 657 2876 me
678 2814 871 2878 conlocavit.
920 2815 1028 2896 Super
1044 2834 1166 2899 aquam

161 2921 355 2986 refectionis
372 2919 524 2982 educavit
540 2925 600 2981 me.

199 3064 223 3100 1.
250 3045 356 3115 Supply
371 3048 423 3098 est.
585 3111 588 3119 ¹
723 3061 749 3108 3.
775 3051 915 3110 tamquam
938 3044 1059 3110 lignum:
1092 3061 1126 3097 as
1148 3060 1166 3096 a

198 3152 223 3186 2.
247 3136 290 3186 die
303 3147 333 3186 ac
347 3135 438 3185 nocte:
458 3131 587 3184 Ablative
601 3131 634 3184 of
687 3137 754 3184 trec.

162 3218 244 3274 Time
257 3218 351 3271 within
364 3218 464 3272 which.
722 3235 747 3281 4.
774 3219 860 3284 regit:
880 3219 987 3272 de'rects.

265 3305 268 3318 '
647 3313 680 3362 80
