2470 3712
175 257 216 335 36
518 258 636 312 sunu
662 259 823 312 nsnnnn

174 441 318 504 Rsmsnr
340 439 374 502 in
397 438 507 503 locum
531 439 753 520 periculdsum
779 445 1011 520 pervenerunt.
1061 441 1180 504 Tribu-

172 564 236 606 nus
259 544 302 606 ad
324 543 495 606 cdnsulem
519 543 610 606 venit
633 551 667 606 et
690 542 854 607 ostendit¹
880 543 1015 606 exitium
1043 543 1090 607 de
1118 547 1180 609 loci

171 647 422 729 importunitate
438 656 471 709 et
487 646 631 709 hostium
647 645 895 709 circumstantis
910 654 1091 712 maturum.

216 756 235 785 “
249 752 286 816 Si
322 750 423 827 rem,''
461 750 577 832 inquit,
611 754 772 813 “servire
802 750 875 826 vis,²
911 750 1180 833 quadringentds

148 855 291 919 smilites
321 854 364 917 ad
388 860 561 917 verrucam
592 852 682 916 illam
700 862 806 916 —sic
830 853 918 916 enim
949 854 1034 918 Catr')
1066 855 1179 918 locum

171 941 296 1024 editurn
320 976 543 1039 asperumque
566 957 847 1038 appellat-ire³
868 956 1006 1031 iubebis,
1032 977 1180 1041 eamque

171 1070 219 1126 uti
248 1062 433 1143 occupent³
464 1060 652 1142 imperabis.
701 1061 828 1124 Hostes
858 1061 1019 1142 profecte,
1053 1062 1114 1125 ubi
1146 1062 1179 1125 id

170 1169 323 1243 viderint,
341 1175 398 1229 fini
416 1167 463 1228 illi
481 1167 616 1247 negdtid
635 1172 709 1228 sese
727 1164 864 1240 dabunt,
878 1175 979 1247 atque
994 1165 1042 1226 illi
1058 1173 1180 1228 omnes

170 1267 408 1349 quadringenti
423 1265 539 1347 procul
554 1265 655 1329 dubis
671 1267 968 1332 obtruncabantur.
1013 1268 1116 1332 Tunc
1134 1272 1180 1332 in-

134 1399 160 1428 10
170 1378 271 1446 terei,
296 1377 467 1452 occupetis
491 1369 524 1431 in
548 1376 588 1433 ed
612 1371 715 1433 caede
741 1370 902 1446 hostibus,
927 1373 1113 1435 exercitum
1138 1394 1179 1436 ex

171 1474 233 1536 hnc
256 1475 329 1538 locs)
352 1473 493 1536 educere
516 1473 649 1555 poteris,
696 1473 775 1537 Alia
795 1475 859 1537 nisi
878 1475 961 1538 haec
985 1475 1105 1539 salutis
1125 1477 1179 1540 via

170 1577 262 1645 nulla
277 1577 360 1640 est.”

213 1679 340 1745 Cdnsul
368 1679 502 1744 tribfind
529 1681 701 1762 respondit
723 1681 896 1745 cdnsilium
921 1681 1056 1764 quidem
1083 1683 1177 1747 istud

169 1784 295 1866 aeque⁴
321 1784 520 1866 previdenst
546 1784 609 1847 sibi
630 1785 742 1848 viden.
791 1786 889 1849 “Sed
916 1785 1028 1861 istds''
1053 1785 1175 1869 inquit,

130 1917 157 1962 ις
170 1892 188 1919 “
201 1889 320 1952 milites
348 1887 610 1971 quadringentos
641 1888 683 1950 ad
714 1907 790 1952 eum
812 1888 929 1952 -iocum
960 1889 994 1951 in
1025 1889 1175 1954 hostium

168 1998 292 2054 cunetis
308 1991 382 2073 quis
399 1991 520 2054 ducere
536 1992 626 2054 volet
637 1990 648 2052 ἲ
659 1991 676 2015 ”

213 2094 280 2158 “Si
304 2094 436 2168 alium,''
463 2094 570 2176 inquit
594 2095 756 2170 tribunus,
786 2097 980 2159 “neminem
1008 2099 1173 2178 repperis,

168 2204 222 2260 me
237 2197 334 2261 iicet⁸
350 2199 392 2260 ad
409 2197 471 2260 hoc
491 2198 673 2279 periculum
693 2200 841 2276 mittere;
866 2218 929 2280 ego
947 2200 1033 2262 hanc
1057 2200 1119 2263 tibi
1140 2211 1174 2264 et

168 2309 215 2364 rei
231 2300 384 2381 publicae
400 2300 543 2362 animam
562 2301 636 2363 d6.”

129 2438 158 2470 ιο
212 2404 338 2468 Cdnsul
360 2404 494 2466 tribdnd
516 2406 641 2484 gratiis
666 2405 758 2487 agit.⁷
814 2405 984 2469 Tribunus
1010 2415 1044 2470 et
1069 2408 1172 2488 quad-

205 2570 227 2604 r.
254 2555 375 2607 ostendit
407 2591 413 2603 .
442 2591 448 2604 .
476 2591 483 2604 .
518 2571 524 2603 :
577 2551 639 2604 and
693 2552 741 2606 the
754 2552 845 2622 object
857 2553 888 2607 os
900 2554 1001 2619 impert
1014 2553 1171 2610 isaclause

169 2642 265 2709 points
283 2647 330 2692 out
353 2639 398 2692 tlte
419 2639 576 2691 immediate
598 2639 642 2691 de-
693 2640 758 2692 with
771 2640 818 2694 the
830 2639 1010 2710 subjunctive.

167 2725 642 2797 structionostltearmybecauseof
727 2745 753 2791 4.
780 2728 820 2780 As
844 2726 984 2781 advisable
1005 2736 1035 2782 to
1060 2728 1119 2782 him
1140 2747 1171 2785 as

166 2813 211 2865 tlte
221 2813 516 2883 unsur'tablcnessosits
521 2815 641 2882 position
693 2820 723 2868 to
736 2813 782 2867 the
795 2812 912 2867 tribune.

167 2901 229 2952 and
237 2899 283 2951 tlte
295 2916 425 2952 nearness
437 2899 473 2969 af
477 2898 522 2951 tlte
533 2915 634 2966 enemy.
729 2916 754 2965 5.
780 2902 940 2967 prividens:
959 2903 1110 2956 advisable.

203 3004 227 3038 2.
255 2990 315 3038 vis:
354 2994 465 3055 present
496 2985 643 3039 indicative
729 2995 754 3041 ⁶.
780 2991 844 3042 licet
864 3028 871 3041 .
894 3028 901 3042 .
923 3028 930 3041 .
959 3009 965 3041 :
1002 2992 1025 3042 it
1053 2993 1078 3043 is
1103 2995 1169 3060 per-

167 3073 200 3128 οί
207 3075 276 3128 vold.
694 3078 792 3130 mitted
800 3083 827 3129 to
838 3078 909 3130 send
920 3095 969 3143 me,
982 3094 1021 3144 or,
1035 3078 1064 3130 in
1081 3076 1170 3133 better

203 3179 228 3226 3.
254 3165 308 3214 irs:
340 3160 387 3214 the
407 3159 498 3230 object
517 3159 547 3212 of
565 3161 643 3213 iubet')
695 3163 820 3233 English,
827 3180 884 3233 you
897 3165 1042 3232 maysend
1051 3182 1103 3218 me.

169 3248 192 3302 is
217 3247 351 3317 regularly
369 3263 405 3299 an
430 3246 572 3314 infinitive‚
595 3248 643 3301 but
730 3265 754 3313 7.
780 3251 970 3316 gritiissgit:
988 3250 1099 3305 thanks.
