2470 3712
175 222 214 283 16
521 225 638 278 LATIN
666 225 826 278 READER

171 405 278 467 vidia¹
293 404 364 468 est!
406 405 484 466 Non
501 403 646 486 pateris²
661 402 744 467 alios
759 403 869 480 edere,
882 414 917 469 et
931 412 967 468 t1‘1
984 404 1058 487 ipse
1074 407 1180 471 edere

140 535 143 538 ·
170 515 237 570 non
255 508 397 591 potes!'’
676 501 677 504 '

485 616 538 688 15.
593 595 698 668 Sour
723 595 868 692 Gropes

205 736 343 822 ¹Vulpes
358 737 401 800 ad
418 743 516 799 uvam
533 737 728 800 subsiliebat
743 737 802 800 sed
821 757 895 800 eam
919 736 1086 819 attingere
1107 749 1179 804 non

170 851 311 924 poterat.
357 839 520 915 Tandem,
541 840 726 922 defatigata
749 840 987 916 infini'labore,
1011 843 1180 906 exclrlmz't-

147 945 234 1020 svit:
260 944 339 1006 “At
353 964 443 1006 nunc
459 943 711 1007 etiam³acerba
727 954 787 1020 est,
805 954 839 1008 et
854 964 928 1008 eam
945 945 1044 1008 edere
1061 947 1178 1010 nolo.’'

170 1049 270 1111 Multi
285 1068 326 1111 ea
340 1057 560 1112 contemnunt
575 1067 661 1130 quae
676 1056 809 1131 assequi
824 1056 893 1111 non
906 1057 1056 1129 possunt.

296 1228 350 1300 16.
411 1223 449 1295 Τ
442 1223 487 1296 lu>
514 1223 720 1297 Gratz'tudc
744 1225 794 1321 of
812 1224 872 1296 tle
905 1222 1061 1296 Wz'ckcd

187 1435 188 1438 Ἴ
215 1365 360 1442 Milvius,
373 1365 500 1448 laqueis
509 1367 663 1441 irretitus,
678 1366 881 1429 musculum⁴
893 1367 1059 1430 exorivit:
1085 1367 1178 1431 “Me
1201 1395 1202 1454 3

168 1468 272 1532 liberi
288 1470 339 1532 his
352 1469 495 1553 plagis.’'
536 1469 655 1550 Quod⁵
671 1463 841 1532 musculus
853 1468 953 1532 facile
966 1471 1053 1533 fecit.
1098 1471 1177 1534 Mil·
1201 1479 1202 1518 l

168 1574 250 1647 vius,
279 1572 446 1647 liberatus,
475 1579 604 1634 murem
624 1571 810 1635 ¹dr'evoralvit.
870 1571 981 1654 Quam
1009 1573 1177 1654 gratiam⁶

131 1677 246 1738 10mali
262 1683 323 1758 pro
338 1675 507 1740 beneficiis
523 1676 662 1739 reddere
681 1674 809 1739 solent!
1201 1655 1202 1736 i

234 1823 303 1944 17..
323 1849 364 1921 Α
393 1791 605 1944 Dzffereme
631 1849 673 1920 z'n
701 1848 761 1920 tlze
786 1849 908 1920 Poz'nt
931 1850 982 1946 os
1009 1849 1122 1934 Viam

213 1992 373 2065 Primores,
391 1989 509 2054 caesai⁷
526 2010 598 2066 ove,
615 1990 804 2053 convivium
823 1989 1062 2054 celebrabant.⁸
1108 1992 1176 2057 Lu·

167 2114 239 2177 pus,
253 2102 310 2177 qui
323 2101 473 2176 pistores
483 2093 627 2168 videbat,
641 2093 856 2155 exclamavit:
883 2097 900 2125 “
913 2094 950 2157 Si
965 2113 1029 2174 ego
1042 2113 1172 2176 agnum

166 2199 269 2279 rapio,
298 2207 443 2280 quantus
477 2197 639 2259 tumultus
670 2195 790 2259 oritur!
852 2196 901 2258 At
931 2195 1002 2258 isti⁹
1032 2197 1173 2279 impune

167 2321 262 2364 ovem
276 2301 436 2364 devorant
447 2301 454 2363 1
465 2301 481 2325 ”
514 2300 601 2362 Tum
615 2307 702 2362 smus
715 2298 845 2361 illorum
859 2300 1048 2381 respondit:
1067 2306 1086 2334 “
1099 2302 1173 2366 Nos

130 2431 156 2477 ις
166 2416 324 2482 nostram,
342 2412 409 2466 non
426 2405 568 2468 alienam
579 2404 599 2439 ¹⁰
614 2423 711 2467 ovem
728 2398 887 2467 edimus.”

202 2547 225 2584 1.
252 2533 307 2584 ista
324 2532 445 2583 invidia:
459 2529 520 2583 that
519 2529 644 2598 jealousy
747 2536 772 2581 6.
798 2544 880 2596 quam
898 2531 1031 2595 gritiam:
1055 2530 1135 2583 what
1154 2551 1173 2584 a

159 2634 217 2688 you
221 2619 289 2689 secl.
327 2620 381 2670 iste
398 2616 474 2671 osten
486 2615 579 2686 points
596 2623 644 2669 out
694 2621 792 2669 return
810 2617 854 2669 the
868 2617 973 2670 wt'cked
986 2632 1035 2669 are
1051 2622 1127 2670 wont
1145 2625 1173 2670 to

165 2705 323 2774 something
338 2723 369 2758 as
386 2703 537 2774 belonging
553 2710 581 2755 to
596 2703 644 2755 the
695 2703 833 2773 makcfor
845 2703 1019 2756 kindnesses!

165 2808 266 2862 person
278 2792 435 2845 addressed.
747 2805 772 2854 7.
799 2791 881 2843 From
893 2791 1061 2859 caed6‚slay.
1093 2796 1174 2844 caesi

200 2896 225 2930 a.
252 2880 335 2932 From
348 2882 446 2946 patior,
454 2878 567 2947 permit.
693 2889 751 2943 ove,
764 2877 891 2931 Ablative
904 2877 1046 2931 Absolute.

200 2982 226 3029 3.
252 2969 282 3019 at
300 2965 487 3018 nuncetiam:
507 2964 642 3033 butafter
745 2970 770 3015 8.
798 2963 858 3017 The
872 2972 949 3017 tense
962 2965 1054 3018 shows
1068 2965 1116 3018 the
1129 2973 1173 3018 act

164 3053 213 3108 all.
691 3049 721 3104 in
733 3067 870 3120 progress.

200 3158 225 3205 4.
253 3139 422 3194 Diminutive
435 3137 504 3192 from
516 3141 587 3190 mus.
744 3155 769 3201 9.
795 3137 994 3208 thosefcllows.

200 3242 225 3291 5.
252 3225 437 3279 Rendertln's.
728 3243 768 3279 ιο.
790 3223 968 3294 belongingto
980 3225 1108 3279 another.
