<?xml version="1.0" encoding="UTF-8"?>
<!DOCTYPE html PUBLIC "-//W3C//DTD XHTML 1.0 Transitional//EN"
    "http://www.w3.org/TR/xhtml1/DTD/xhtml1-transitional.dtd">
<html xmlns="http://www.w3.org/1999/xhtml" xml:lang="en" lang="en">
 <head>
  <title>
</title>
<meta http-equiv="Content-Type" content="text/html;charset=utf-8" />
  <meta name='ocr-system' content='tesseract 3.04.00' />
  <meta name='ocr-capabilities' content='ocr_page ocr_carea ocr_par ocr_line ocrx_word'/>
</head>
<body>
  <div class='ocr_page' id='page_1' title='image "./alatinreadereas00gallgoog_0045.png"; bbox 0 0 2470 3712; ppageno 0'>
   <div class='ocr_carea' id='block_1_1' title="bbox 179 241 830 322">
    <p class='ocr_par' dir='ltr' id='par_1_1' title="bbox 179 241 830 322">
     <span class='ocr_line' id='line_1_1' title="bbox 179 241 830 322; baseline -0.009 -16"><span class='ocrx_word' id='word_1_1' title='bbox 179 246 248 322; x_wconf 78' lang='lat'>38,</span> <span class='ocrx_word' id='word_1_2' title='bbox 296 241 299 246; x_wconf 85' lang='lat'>&#39;</span> <span class='ocrx_word' id='word_1_3' title='bbox 524 248 641 316; x_wconf 80' lang='lat' dir='ltr'>Lnrrw</span> <span class='ocrx_word' id='word_1_4' title='bbox 668 249 830 301; x_wconf 78' lang='lat' dir='ltr'>nnnunn</span> 
     </span>
    </p>
   </div>
   <div class='ocr_carea' id='block_1_2' title="bbox 140 425 1186 1858">
    <p class='ocr_par' dir='ltr' id='par_1_2' title="bbox 140 425 1186 1858">
     <span class='ocr_line' id='line_1_2' title="bbox 178 425 1186 508; baseline -0.002 -20"><span class='ocrx_word' id='word_1_5' title='bbox 178 427 319 490; x_wconf 91' lang='lat' dir='ltr'>hominis</span> <span class='ocrx_word' id='word_1_6' title='bbox 342 437 375 490; x_wconf 94' lang='lat' dir='ltr'>et</span> <span class='ocrx_word' id='word_1_7' title='bbox 397 426 510 501; x_wconf 80' lang='lat' dir='ltr'>leonis,</span> <span class='ocrx_word' id='word_1_8' title='bbox 528 437 561 490; x_wconf 87' lang='lat' dir='ltr'>et</span> <span class='ocrx_word' id='word_1_9' title='bbox 580 427 666 490; x_wconf 90' lang='lat' dir='ltr'>hanc</span> <span class='ocrx_word' id='word_1_10' title='bbox 686 425 948 507; x_wconf 77' lang='lat' dir='ltr'>recognitionem</span> <span class='ocrx_word' id='word_1_11' title='bbox 965 445 1078 508; x_wconf 92' lang='lat' dir='ltr'>neque</span> <span class='ocrx_word' id='word_1_12' title='bbox 1096 429 1186 489; x_wconf 89' lang='lat' dir='ltr'>audi-</span> 
     </span>
     <span class='ocr_line' id='line_1_3' title="bbox 177 529 1184 613; baseline -0.002 -20"><span class='ocrx_word' id='word_1_13' title='bbox 177 533 265 593; x_wconf 89' lang='lat' dir='ltr'>visse</span> <span class='ocrx_word' id='word_1_14' title='bbox 291 551 400 613; x_wconf 92' lang='lat' dir='ltr'>neque</span> <span class='ocrx_word' id='word_1_15' title='bbox 428 531 558 612; x_wconf 75' lang='lat' dir='ltr'>legisse,</span> <span class='ocrx_word' id='word_1_16' title='bbox 587 531 645 594; x_wconf 91' lang='lat' dir='ltr'>sed</span> <span class='ocrx_word' id='word_1_17' title='bbox 670 531 779 611; x_wconf 93' lang='lat' dir='ltr'>ipsum</span> <span class='ocrx_word' id='word_1_18' title='bbox 805 536 878 592; x_wconf 74' lang='lat' dir='ltr'>sese</span> <span class='ocrx_word' id='word_1_19' title='bbox 903 529 937 591; x_wconf 90' lang='lat' dir='ltr'>in</span> <span class='ocrx_word' id='word_1_20' title='bbox 965 529 1048 592; x_wconf 89' lang='lat' dir='ltr'>urbe</span> <span class='ocrx_word' id='word_1_21' title='bbox 1075 530 1184 591; x_wconf 74' lang='lat' dir='ltr'>Roma</span> 
     </span>
     <span class='ocr_line' id='line_1_4' title="bbox 177 633 1142 716; baseline -0.002 -18"><span class='ocrx_word' id='word_1_22' title='bbox 177 635 299 698; x_wconf 84' lang='lat' dir='ltr'>vidisse</span> <span class='ocrx_word' id='word_1_23' title='bbox 316 635 420 697; x_wconf 85' lang='lat' dir='ltr'>oculis</span> <span class='ocrx_word' id='word_1_24' title='bbox 438 633 765 698; x_wconf 76' lang='lat' dir='ltr'>sursconfrrmabat.1</span> <span class='ocrx_word' id='word_1_25' title='bbox 810 635 925 716; x_wconf 87' lang='lat' dir='ltr'>Apion</span> <span class='ocrx_word' id='word_1_26' title='bbox 942 633 989 695; x_wconf 90' lang='lat' dir='ltr'>ita</span> <span class='ocrx_word' id='word_1_27' title='bbox 1004 640 1142 696; x_wconf 70' lang='lat' dir='ltr'>narrat:</span> 
     </span>
     <span class='ocr_line' id='line_1_5' title="bbox 223 736 1184 820; baseline -0.003 -19"><span class='ocrx_word' id='word_1_28' title='bbox 223 739 263 801; x_wconf 94' lang='lat' dir='ltr'>In</span> <span class='ocrx_word' id='word_1_29' title='bbox 285 739 381 804; x_wconf 79' lang='lat' dir='ltr'>Circd</span> <span class='ocrx_word' id='word_1_30' title='bbox 403 740 551 801; x_wconf 77' lang='lat' dir='ltr'>Maximo</span> <span class='ocrx_word' id='word_1_31' title='bbox 578 738 713 820; x_wconf 77' lang='lat' dir='ltr'>pugna²</span> <span class='ocrx_word' id='word_1_32' title='bbox 733 738 858 819; x_wconf 80' lang='lat' dir='ltr'>populo</span> <span class='ocrx_word' id='word_1_33' title='bbox 885 736 1035 800; x_wconf 74' lang='lat' dir='ltr'>dabatur.</span> <span class='ocrx_word' id='word_1_34' title='bbox 1101 737 1184 800; x_wconf 93' lang='lat' dir='ltr'>Eius</span> 
     </span>
     <span class='ocr_line' id='line_1_6' title="bbox 154 841 1184 923; baseline -0.003 -17"><span class='ocrx_word' id='word_1_35' title='bbox 154 853 232 919; x_wconf 76' lang='lat' dir='ltr'>snei,</span> <span class='ocrx_word' id='word_1_36' title='bbox 252 845 379 906; x_wconf 80' lang='lat' dir='ltr'>Romae</span> <span class='ocrx_word' id='word_1_37' title='bbox 403 863 479 905; x_wconf 93' lang='lat' dir='ltr'>cum</span> <span class='ocrx_word' id='word_1_38' title='bbox 502 843 589 905; x_wconf 87' lang='lat' dir='ltr'>forte</span> <span class='ocrx_word' id='word_1_39' title='bbox 612 862 732 917; x_wconf 90' lang='lat' dir='ltr'>essem,</span> <span class='ocrx_word' id='word_1_40' title='bbox 754 847 921 923; x_wconf 74' lang='lat' dir='ltr'>spectator</span> <span class='ocrx_word' id='word_1_41' title='bbox 944 842 1002 904; x_wconf 78' lang='lat' dir='ltr'>fui.</span> <span class='ocrx_word' id='word_1_42' title='bbox 1052 841 1184 903; x_wconf 91' lang='lat' dir='ltr'>Multae</span> 
     </span>
     <span class='ocr_line' id='line_1_7' title="bbox 176 943 1183 1027; baseline -0.004 -17"><span class='ocrx_word' id='word_1_43' title='bbox 176 948 222 1011; x_wconf 94' lang='lat' dir='ltr'>ibi</span> <span class='ocrx_word' id='word_1_44' title='bbox 249 946 435 1011; x_wconf 80' lang='lat' dir='ltr'>saevientes</span> <span class='ocrx_word' id='word_1_45' title='bbox 462 947 554 1010; x_wconf 86' lang='lat' dir='ltr'>ferae</span> <span class='ocrx_word' id='word_1_46' title='bbox 586 955 691 1022; x_wconf 87' lang='lat' dir='ltr'>erant,</span> <span class='ocrx_word' id='word_1_47' title='bbox 724 947 783 1009; x_wconf 94' lang='lat' dir='ltr'>sed</span> <span class='ocrx_word' id='word_1_48' title='bbox 815 955 947 1027; x_wconf 86' lang='lat' dir='ltr'>praeter</span> <span class='ocrx_word' id='word_1_49' title='bbox 973 944 1038 1007; x_wconf 89' lang='lat' dir='ltr'>alia</span> <span class='ocrx_word' id='word_1_50' title='bbox 1069 943 1183 1007; x_wconf 93' lang='lat' dir='ltr'>omnia</span> 
     </span>
     <span class='ocr_line' id='line_1_8' title="bbox 177 1049 1183 1130; baseline -0.004 -17"><span class='ocrx_word' id='word_1_51' title='bbox 177 1051 311 1114; x_wconf 81' lang='lat' dir='ltr'>lednum</span> <span class='ocrx_word' id='word_1_52' title='bbox 326 1051 515 1113; x_wconf 71' lang='lat' dir='ltr'>immanitas</span> <span class='ocrx_word' id='word_1_53' title='bbox 531 1050 761 1112; x_wconf 73' lang='lat' dir='ltr'>admirationi³</span> <span class='ocrx_word' id='word_1_54' title='bbox 776 1049 842 1111; x_wconf 80' lang='lat' dir='ltr'>fuit</span> <span class='ocrx_word' id='word_1_55' title='bbox 858 1058 1057 1130; x_wconf 83' lang='lat' dir='ltr'>praeterque</span> <span class='ocrx_word' id='word_1_56' title='bbox 1073 1057 1183 1111; x_wconf 82' lang='lat' dir='ltr'>omnis</span> 
     </span>
     <span class='ocr_line' id='line_1_9' title="bbox 177 1163 417 1218; baseline -0.004 0"><span class='ocrx_word' id='word_1_57' title='bbox 177 1163 305 1218; x_wconf 73' lang='lat' dir='ltr'>ceteros</span> <span class='ocrx_word' id='word_1_58' title='bbox 321 1163 417 1217; x_wconf 78' lang='lat' dir='ltr'>smus.</span> 
     </span>
     <span class='ocr_line' id='line_1_10' title="bbox 223 1255 1183 1340; baseline -0.004 -19"><span class='ocrx_word' id='word_1_59' title='bbox 223 1260 257 1321; x_wconf 89' lang='lat' dir='ltr'>Is</span> <span class='ocrx_word' id='word_1_60' title='bbox 274 1267 361 1321; x_wconf 75' lang='lat' dir='ltr'>smus</span> <span class='ocrx_word' id='word_1_61' title='bbox 374 1259 426 1321; x_wconf 78' lang='lat' dir='ltr'>led</span> <span class='ocrx_word' id='word_1_62' title='bbox 439 1258 588 1340; x_wconf 91' lang='lat' dir='ltr'>corporis</span> <span class='ocrx_word' id='word_1_63' title='bbox 599 1257 802 1321; x_wconf 71' lang='lat' dir='ltr'>vastitudine</span> <span class='ocrx_word' id='word_1_64' title='bbox 818 1258 1027 1339; x_wconf 77' lang='lat' dir='ltr'>terrificoque</span> <span class='ocrx_word' id='word_1_65' title='bbox 1043 1255 1183 1321; x_wconf 77' lang='lat' dir='ltr'>fremitu</span> 
     </span>
     <span class='ocr_line' id='line_1_11' title="bbox 140 1360 1185 1444; baseline -0.002 -21"><span class='ocrx_word' id='word_1_66' title='bbox 140 1392 167 1423; x_wconf 93' lang='lat'>10</span> <span class='ocrx_word' id='word_1_67' title='bbox 177 1363 305 1425; x_wconf 80' lang='lat' dir='ltr'>animos</span> <span class='ocrx_word' id='word_1_68' title='bbox 321 1363 503 1444; x_wconf 80' lang='lat' dir='ltr'>oculosque</span> <span class='ocrx_word' id='word_1_69' title='bbox 519 1361 666 1425; x_wconf 90' lang='lat' dir='ltr'>omnium</span> <span class='ocrx_word' id='word_1_70' title='bbox 680 1361 713 1423; x_wconf 93' lang='lat' dir='ltr'>in</span> <span class='ocrx_word' id='word_1_71' title='bbox 728 1366 802 1423; x_wconf 74' lang='lat' dir='ltr'>sese</span> <span class='ocrx_word' id='word_1_72' title='bbox 817 1369 1036 1424; x_wconf 89' lang='lat' dir='ltr'>converterat.</span> <span class='ocrx_word' id='word_1_73' title='bbox 1077 1360 1185 1422; x_wconf 65' lang='lat' dir='ltr'>Intro</span> 
     </span>
     <span class='ocr_line' id='line_1_12' title="bbox 177 1462 1185 1546; baseline -0.005 -17"><span class='ocrx_word' id='word_1_74' title='bbox 177 1467 297 1529; x_wconf 92' lang='lat' dir='ltr'>ductus</span> <span class='ocrx_word' id='word_1_75' title='bbox 314 1477 385 1529; x_wconf 89' lang='lat' dir='ltr'>erat</span> <span class='ocrx_word' id='word_1_76' title='bbox 400 1468 489 1529; x_wconf 87' lang='lat' dir='ltr'>inter</span> <span class='ocrx_word' id='word_1_77' title='bbox 502 1465 683 1546; x_wconf 78' lang='lat' dir='ltr'>compluris</span> <span class='ocrx_word' id='word_1_78' title='bbox 700 1472 828 1527; x_wconf 69' lang='lat' dir='ltr'>edteros</span> <span class='ocrx_word' id='word_1_79' title='bbox 842 1465 884 1526; x_wconf 90' lang='lat' dir='ltr'>ad</span> <span class='ocrx_word' id='word_1_80' title='bbox 897 1483 1047 1546; x_wconf 85' lang='lat' dir='ltr'>pugnam</span> <span class='ocrx_word' id='word_1_81' title='bbox 1063 1462 1185 1526; x_wconf 73' lang='lat' dir='ltr'>bestia-</span> 
     </span>
     <span class='ocr_line' id='line_1_13' title="bbox 177 1567 1184 1634; baseline -0.005 -1"><span class='ocrx_word' id='word_1_82' title='bbox 177 1590 250 1633; x_wconf 92' lang='lat' dir='ltr'>rum</span> <span class='ocrx_word' id='word_1_83' title='bbox 276 1571 372 1633; x_wconf 81' lang='lat' dir='ltr'>datos</span> <span class='ocrx_word' id='word_1_84' title='bbox 398 1590 513 1634; x_wconf 90' lang='lat' dir='ltr'>servus</span> <span class='ocrx_word' id='word_1_85' title='bbox 537 1569 599 1632; x_wconf 90' lang='lat' dir='ltr'>viri</span> <span class='ocrx_word' id='word_1_86' title='bbox 623 1567 815 1631; x_wconf 73' lang='lat' dir='ltr'>consularis.</span> <span class='ocrx_word' id='word_1_87' title='bbox 869 1568 965 1632; x_wconf 82' lang='lat' dir='ltr'>Servi</span> <span class='ocrx_word' id='word_1_88' title='bbox 988 1567 1184 1630; x_wconf 87' lang='lat' dir='ltr'>Androclus</span> 
     </span>
     <span class='ocr_line' id='line_1_14' title="bbox 177 1674 389 1737; baseline 0 -1"><span class='ocrx_word' id='word_1_89' title='bbox 177 1682 300 1737; x_wconf 79' lang='lat' dir='ltr'>ndmen</span> <span class='ocrx_word' id='word_1_90' title='bbox 316 1674 389 1736; x_wconf 86' lang='lat' dir='ltr'>fuit.</span> 
     </span>
     <span class='ocr_line' id='line_1_15' title="bbox 222 1774 1184 1858; baseline -0.003 -19"><span class='ocrx_word' id='word_1_91' title='bbox 222 1778 324 1840; x_wconf 91' lang='lat' dir='ltr'>Hunc</span> <span class='ocrx_word' id='word_1_92' title='bbox 341 1777 396 1841; x_wconf 90' lang='lat' dir='ltr'>ille</span> <span class='ocrx_word' id='word_1_93' title='bbox 413 1778 465 1841; x_wconf 80' lang='lat' dir='ltr'>leo</span> <span class='ocrx_word' id='word_1_94' title='bbox 481 1777 538 1840; x_wconf 91' lang='lat' dir='ltr'>ubi</span> <span class='ocrx_word' id='word_1_95' title='bbox 554 1776 636 1840; x_wconf 78' lang='lat' dir='ltr'>vidit</span> <span class='ocrx_word' id='word_1_96' title='bbox 658 1777 782 1858; x_wconf 93' lang='lat' dir='ltr'>procul,</span> <span class='ocrx_word' id='word_1_97' title='bbox 800 1785 939 1856; x_wconf 89' lang='lat' dir='ltr'>repente</span> <span class='ocrx_word' id='word_1_98' title='bbox 963 1775 1059 1858; x_wconf 91' lang='lat' dir='ltr'>quasi</span> <span class='ocrx_word' id='word_1_99' title='bbox 1082 1774 1184 1838; x_wconf 90' lang='lat' dir='ltr'>admi-</span> 
     </span>
    </p>
   </div>
   <div class='ocr_carea' id='block_1_3' title="bbox 140 1878 1184 2048">
    <p class='ocr_par' dir='ltr' id='par_1_3' title="bbox 140 1878 1184 2048">
     <span class='ocr_line' id='line_1_16' title="bbox 140 1878 1184 1962; baseline -0.001 -21"><span class='ocrx_word' id='word_1_100' title='bbox 140 1907 167 1952; x_wconf 77' lang='grc' dir='ltr'>ις</span> <span class='ocrx_word' id='word_1_101' title='bbox 178 1889 255 1944; x_wconf 72' lang='lat' dir='ltr'>rans</span> <span class='ocrx_word' id='word_1_102' title='bbox 268 1883 369 1956; x_wconf 86' lang='lat' dir='ltr'>stetit,</span> <span class='ocrx_word' id='word_1_103' title='bbox 380 1902 419 1944; x_wconf 93' lang='lat' dir='ltr'>ac</span> <span class='ocrx_word' id='word_1_104' title='bbox 432 1881 554 1944; x_wconf 92' lang='lat' dir='ltr'>deinde</span> <span class='ocrx_word' id='word_1_105' title='bbox 567 1880 690 1944; x_wconf 77' lang='lat' dir='ltr'>sensim</span> <span class='ocrx_word' id='word_1_106' title='bbox 703 1890 803 1962; x_wconf 91' lang='lat' dir='ltr'>atque</span> <span class='ocrx_word' id='word_1_107' title='bbox 816 1878 946 1961; x_wconf 75' lang='lat' dir='ltr'>placide</span> <span class='ocrx_word' id='word_1_108' title='bbox 957 1879 998 1940; x_wconf 88' lang='lat' dir='ltr'>ad</span> <span class='ocrx_word' id='word_1_109' title='bbox 1012 1878 1184 1942; x_wconf 89' lang='lat' dir='ltr'>hominem</span> 
     </span>
     <span class='ocr_line' id='line_1_17' title="bbox 177 1985 314 2048; baseline 0 0"><span class='ocrx_word' id='word_1_110' title='bbox 177 1985 314 2048; x_wconf 78' lang='lat' dir='ltr'>accedit.</span> 
     </span>
    </p>
   </div>
   <div class='ocr_carea' id='block_1_4' title="bbox 125 2086 1184 2688">
    <p class='ocr_par' dir='ltr' id='par_1_4' title="bbox 177 2086 1184 2379">
     <span class='ocr_line' id='line_1_18' title="bbox 220 2086 1182 2171; baseline -0.004 -19"><span class='ocrx_word' id='word_1_111' title='bbox 220 2090 307 2152; x_wconf 90' lang='lat' dir='ltr'>Tum</span> <span class='ocrx_word' id='word_1_112' title='bbox 338 2090 478 2152; x_wconf 92' lang='lat' dir='ltr'>caudam</span> <span class='ocrx_word' id='word_1_113' title='bbox 503 2097 595 2152; x_wconf 79' lang='lat' dir='ltr'>more</span> <span class='ocrx_word' id='word_1_114' title='bbox 618 2098 719 2171; x_wconf 86' lang='lat' dir='ltr'>atque</span> <span class='ocrx_word' id='word_1_115' title='bbox 742 2088 805 2150; x_wconf 80' lang='lat' dir='ltr'>ritu</span> <span class='ocrx_word' id='word_1_116' title='bbox 830 2086 1037 2150; x_wconf 80' lang='lat' dir='ltr'>adulantium</span> <span class='ocrx_word' id='word_1_117' title='bbox 1060 2106 1182 2149; x_wconf 89' lang='lat' dir='ltr'>canum</span> 
     </span>
     <span class='ocr_line' id='line_1_19' title="bbox 178 2190 1183 2273; baseline -0.003 -18"><span class='ocrx_word' id='word_1_118' title='bbox 178 2193 358 2256; x_wconf 74' lang='lat' dir='ltr'>clementer</span> <span class='ocrx_word' id='word_1_119' title='bbox 388 2204 423 2257; x_wconf 91' lang='lat' dir='ltr'>et</span> <span class='ocrx_word' id='word_1_120' title='bbox 453 2193 575 2256; x_wconf 74' lang='lat' dir='ltr'>blande</span> <span class='ocrx_word' id='word_1_121' title='bbox 603 2201 724 2267; x_wconf 87' lang='lat' dir='ltr'>movet,</span> <span class='ocrx_word' id='word_1_122' title='bbox 750 2190 960 2273; x_wconf 87' lang='lat' dir='ltr'>hominisque</span> <span class='ocrx_word' id='word_1_123' title='bbox 988 2197 1024 2252; x_wconf 74' lang='lat' dir='ltr'>se</span> <span class='ocrx_word' id='word_1_124' title='bbox 1049 2198 1183 2271; x_wconf 85' lang='lat' dir='ltr'><strong>corpori</strong></span> 
     </span>
     <span class='ocr_line' id='line_1_20' title="bbox 177 2292 1184 2379; baseline -0.004 -21"><span class='ocrx_word' id='word_1_125' title='bbox 177 2296 338 2379; x_wconf 78' lang='lat' dir='ltr'>adiungit,</span> <span class='ocrx_word' id='word_1_126' title='bbox 356 2305 519 2378; x_wconf 77' lang='lat' dir='ltr'>cruraque</span> <span class='ocrx_word' id='word_1_127' title='bbox 541 2298 612 2358; x_wconf 90' lang='lat' dir='ltr'>eius</span> <span class='ocrx_word' id='word_1_128' title='bbox 635 2305 669 2358; x_wconf 87' lang='lat' dir='ltr'>et</span> <span class='ocrx_word' id='word_1_129' title='bbox 693 2302 822 2370; x_wconf 70' lang='lat' dir='ltr'>mansu,</span> <span class='ocrx_word' id='word_1_130' title='bbox 849 2313 955 2377; x_wconf 91' lang='lat' dir='ltr'>prope</span> <span class='ocrx_word' id='word_1_131' title='bbox 982 2294 1046 2356; x_wconf 91' lang='lat' dir='ltr'>iam</span> <span class='ocrx_word' id='word_1_132' title='bbox 1074 2292 1184 2358; x_wconf 84' lang='lat' dir='ltr'>exani-</span> 
     </span>
    </p>

    <p class='ocr_par' dir='ltr' id='par_1_5' title="bbox 125 2397 1183 2688">
     <span class='ocr_line' id='line_1_21' title="bbox 125 2397 1183 2481; baseline -0.002 -21"><span class='ocrx_word' id='word_1_133' title='bbox 125 2401 276 2462; x_wconf 57' lang='grc' dir='ltr'>Ιεοῐηῑιῖῑ*</span> <span class='ocrx_word' id='word_1_134' title='bbox 292 2408 392 2476; x_wconf 78' lang='lat' dir='ltr'>metu,</span> <span class='ocrx_word' id='word_1_135' title='bbox 418 2401 531 2481; x_wconf 77' lang='lat' dir='ltr'>lingua</span> <span class='ocrx_word' id='word_1_136' title='bbox 554 2401 672 2462; x_wconf 77' lang='lat' dir='ltr'>leniter</span> <span class='ocrx_word' id='word_1_137' title='bbox 690 2398 866 2461; x_wconf 74' lang='lat' dir='ltr'>demulcet.</span> <span class='ocrx_word' id='word_1_138' title='bbox 915 2399 1030 2460; x_wconf 77' lang='lat' dir='ltr'>Homo</span> <span class='ocrx_word' id='word_1_139' title='bbox 1050 2397 1183 2459; x_wconf 92' lang='lat' dir='ltr'>Andro-</span> 
     </span>
     <span class='ocr_line' id='line_1_22' title="bbox 176 2499 1180 2567; baseline -0.004 -1"><span class='ocrx_word' id='word_1_140' title='bbox 176 2504 247 2567; x_wconf 88' lang='lat' dir='ltr'>clus</span> <span class='ocrx_word' id='word_1_141' title='bbox 263 2505 349 2566; x_wconf 89' lang='lat' dir='ltr'>inter</span> <span class='ocrx_word' id='word_1_142' title='bbox 365 2504 421 2566; x_wconf 87' lang='lat' dir='ltr'>illa</span> <span class='ocrx_word' id='word_1_143' title='bbox 437 2513 505 2566; x_wconf 89' lang='lat' dir='ltr'>tam</span> <span class='ocrx_word' id='word_1_144' title='bbox 522 2503 642 2566; x_wconf 79' lang='lat' dir='ltr'>atrocis</span> <span class='ocrx_word' id='word_1_145' title='bbox 658 2504 750 2566; x_wconf 86' lang='lat' dir='ltr'>ferae</span> <span class='ocrx_word' id='word_1_146' title='bbox 772 2502 999 2566; x_wconf 87' lang='lat' dir='ltr'>blandimenta</span> <span class='ocrx_word' id='word_1_147' title='bbox 1021 2499 1180 2563; x_wconf 74' lang='lat' dir='ltr'>amissum</span> 
     </span>
     <span class='ocr_line' id='line_1_23' title="bbox 177 2603 1181 2688; baseline -0.005 -18"><span class='ocrx_word' id='word_1_148' title='bbox 177 2608 344 2670; x_wconf 85' lang='lat' dir='ltr'>animum⁵</span> <span class='ocrx_word' id='word_1_149' title='bbox 381 2616 566 2688; x_wconf 89' lang='lat' dir='ltr'>recuperat.</span> <span class='ocrx_word' id='word_1_150' title='bbox 637 2606 799 2670; x_wconf 73' lang='lat' dir='ltr'>Paulatim</span> <span class='ocrx_word' id='word_1_151' title='bbox 832 2605 945 2668; x_wconf 78' lang='lat' dir='ltr'>oculos</span> <span class='ocrx_word' id='word_1_152' title='bbox 976 2604 1018 2666; x_wconf 89' lang='lat' dir='ltr'>ad</span> <span class='ocrx_word' id='word_1_153' title='bbox 1051 2603 1181 2667; x_wconf 76' lang='lat' dir='ltr'>leonem</span> 
     </span>
    </p>
   </div>
   <div class='ocr_carea' id='block_1_5' title="bbox 176 2720 1182 3309">
    <p class='ocr_par' dir='ltr' id='par_1_6' title="bbox 176 2720 1182 2796">
     <span class='ocr_line' id='line_1_24' title="bbox 176 2720 1182 2796; baseline -0.003 -19"><span class='ocrx_word' id='word_1_154' title='bbox 176 2725 269 2779; x_wconf 86' lang='lat' dir='ltr'>whose</span> <span class='ocrx_word' id='word_1_155' title='bbox 288 2725 408 2796; x_wconf 84' lang='lat' dir='ltr'>writings</span> <span class='ocrx_word' id='word_1_156' title='bbox 431 2725 500 2778; x_wconf 91' lang='lat' dir='ltr'>have</span> <span class='ocrx_word' id='word_1_157' title='bbox 523 2724 652 2794; x_wconf 89' lang='lat' dir='ltr'>perished</span> <span class='ocrx_word' id='word_1_158' title='bbox 703 2730 791 2776; x_wconf 89' lang='lat' dir='ltr'>tween</span> <span class='ocrx_word' id='word_1_159' title='bbox 819 2722 866 2777; x_wconf 87' lang='lat' dir='ltr'>the</span> <span class='ocrx_word' id='word_1_160' title='bbox 898 2721 1023 2775; x_wconf 86' lang='lat' dir='ltr'>Palatine</span> <span class='ocrx_word' id='word_1_161' title='bbox 1048 2721 1105 2774; x_wconf 89' lang='lat' dir='ltr'>and</span> <span class='ocrx_word' id='word_1_162' title='bbox 1136 2720 1182 2774; x_wconf 85' lang='lat' dir='ltr'>the</span> 
     </span>
    </p>

    <p class='ocr_par' dir='ltr' id='par_1_7' title="bbox 176 2809 849 2882">
     <span class='ocr_line' id='line_1_25' title="bbox 176 2809 849 2882; baseline -0.003 -18"><span class='ocrx_word' id='word_1_163' title='bbox 176 2820 274 2881; x_wconf 87' lang='lat' dir='ltr'>except</span> <span class='ocrx_word' id='word_1_164' title='bbox 287 2829 363 2866; x_wconf 90' lang='lat' dir='ltr'>some</span> <span class='ocrx_word' id='word_1_165' title='bbox 371 2813 521 2882; x_wconf 84' lang='lat' dir='ltr'>fragments</span> <span class='ocrx_word' id='word_1_166' title='bbox 532 2811 586 2864; x_wconf 89' lang='lat' dir='ltr'>like</span> <span class='ocrx_word' id='word_1_167' title='bbox 596 2811 651 2864; x_wconf 89' lang='lat' dir='ltr'>this</span> <span class='ocrx_word' id='word_1_168' title='bbox 703 2809 849 2864; x_wconf 85' lang='lat' dir='ltr'>Aventine.</span> 
     </span>
    </p>

    <p class='ocr_par' dir='ltr' id='par_1_8' title="bbox 177 2893 1182 3142">
     <span class='ocr_line' id='line_1_26' title="bbox 177 2893 1182 2968; baseline -0.003 -18"><span class='ocrx_word' id='word_1_169' title='bbox 177 2899 322 2968; x_wconf 86' lang='lat' dir='ltr'>preserved</span> <span class='ocrx_word' id='word_1_170' title='bbox 335 2899 371 2968; x_wconf 91' lang='lat' dir='ltr'>by</span> <span class='ocrx_word' id='word_1_171' title='bbox 384 2900 471 2952; x_wconf 89' lang='lat' dir='ltr'>Aulus</span> <span class='ocrx_word' id='word_1_172' title='bbox 484 2898 597 2952; x_wconf 90' lang='lat' dir='ltr'>Gellius.</span> <span class='ocrx_word' id='word_1_173' title='bbox 738 2915 763 2961; x_wconf 81' lang='lat'>3.</span> <span class='ocrx_word' id='word_1_174' title='bbox 790 2896 979 2950; x_wconf 75' lang='lat' dir='ltr'>admirationi:</span> <span class='ocrx_word' id='word_1_175' title='bbox 1028 2894 1131 2950; x_wconf 86' lang='lat' dir='ltr'>Dative</span> <span class='ocrx_word' id='word_1_176' title='bbox 1155 2893 1182 2948; x_wconf 87' lang='lat' dir='ltr'>oi</span> 
     </span>
     <span class='ocr_line' id='line_1_27' title="bbox 214 2982 1181 3054; baseline -0.003 -17"><span class='ocrx_word' id='word_1_177' title='bbox 214 3004 237 3038; x_wconf 89' lang='lat'>1.</span> <span class='ocrx_word' id='word_1_178' title='bbox 263 2986 391 3039; x_wconf 83' lang='lat' dir='ltr'>declared</span> <span class='ocrx_word' id='word_1_179' title='bbox 396 2986 553 3054; x_wconf 67' lang='lat' dir='ltr'>poszrzoely.</span> <span class='ocrx_word' id='word_1_180' title='bbox 705 2984 829 3049; x_wconf 80' lang='lat' dir='ltr'>Service3</span> <span class='ocrx_word' id='word_1_181' title='bbox 850 2982 989 3048; x_wconf 72' lang='lat' dir='ltr'>translate,</span> <span class='ocrx_word' id='word_1_182' title='bbox 999 2999 1060 3036; x_wconf 84' lang='lat' dir='ltr'>was</span> <span class='ocrx_word' id='word_1_183' title='bbox 1073 2999 1091 3036; x_wconf 85' lang='lat' dir='ltr'>a</span> <span class='ocrx_word' id='word_1_184' title='bbox 1102 2998 1181 3035; x_wconf 81' lang='lat' dir='ltr'>cause</span> 
     </span>
     <span class='ocr_line' id='line_1_28' title="bbox 212 3070 867 3142; baseline -0.006 -17"><span class='ocrx_word' id='word_1_185' title='bbox 212 3090 237 3125; x_wconf 80' lang='lat' dir='ltr'>a.</span> <span class='ocrx_word' id='word_1_186' title='bbox 263 3073 332 3126; x_wconf 93' lang='lat' dir='ltr'>This</span> <span class='ocrx_word' id='word_1_187' title='bbox 359 3089 414 3126; x_wconf 86' lang='lat' dir='ltr'>was</span> <span class='ocrx_word' id='word_1_188' title='bbox 440 3072 578 3142; x_wconf 88' lang='lat' dir='ltr'>evidently</span> <span class='ocrx_word' id='word_1_189' title='bbox 600 3090 653 3127; x_wconf 90' lang='lat' dir='ltr'>one</span> <span class='ocrx_word' id='word_1_190' title='bbox 703 3072 739 3142; x_wconf 84' lang='lat' dir='ltr'>of</span> <span class='ocrx_word' id='word_1_191' title='bbox 744 3070 867 3124; x_wconf 84' lang='lat' dir='ltr'>wonder.</span> 
     </span>
    </p>

    <p class='ocr_par' dir='ltr' id='par_1_9' title="bbox 176 3155 1180 3230">
     <span class='ocr_line' id='line_1_29' title="bbox 176 3155 1180 3230; baseline -0.008 -16"><span class='ocrx_word' id='word_1_192' title='bbox 176 3159 208 3214; x_wconf 85' lang='lat' dir='ltr'>of</span> <span class='ocrx_word' id='word_1_193' title='bbox 216 3161 263 3214; x_wconf 84' lang='lat' dir='ltr'>the</span> <span class='ocrx_word' id='word_1_194' title='bbox 276 3168 353 3230; x_wconf 86' lang='lat' dir='ltr'>great</span> <span class='ocrx_word' id='word_1_195' title='bbox 364 3161 455 3214; x_wconf 88' lang='lat' dir='ltr'>shows</span> <span class='ocrx_word' id='word_1_196' title='bbox 469 3159 550 3228; x_wconf 87' lang='lat' dir='ltr'>given</span> <span class='ocrx_word' id='word_1_197' title='bbox 563 3159 592 3211; x_wconf 93' lang='lat' dir='ltr'>in</span> <span class='ocrx_word' id='word_1_198' title='bbox 605 3160 652 3212; x_wconf 85' lang='lat' dir='ltr'>the</span> <span class='ocrx_word' id='word_1_199' title='bbox 738 3177 763 3222; x_wconf 85' lang='lat'>4.</span> <span class='ocrx_word' id='word_1_200' title='bbox 791 3159 956 3209; x_wconf 77' lang='lat' dir='ltr'>exanimati:</span> <span class='ocrx_word' id='word_1_201' title='bbox 977 3155 1104 3211; x_wconf 86' lang='lat' dir='ltr'>modifies</span> <span class='ocrx_word' id='word_1_202' title='bbox 1117 3158 1180 3208; x_wconf 83' lang='lat' dir='ltr'>eius.</span> 
     </span>
    </p>

    <p class='ocr_par' dir='ltr' id='par_1_10' title="bbox 176 3245 1046 3309">
     <span class='ocr_line' id='line_1_30' title="bbox 176 3245 1046 3309; baseline -0.003 -9"><span class='ocrx_word' id='word_1_203' title='bbox 176 3246 294 3300; x_wconf 88' lang='lat' dir='ltr'>colossal</span> <span class='ocrx_word' id='word_1_204' title='bbox 321 3247 416 3300; x_wconf 84' lang='lat' dir='ltr'>Circus</span> <span class='ocrx_word' id='word_1_205' title='bbox 445 3245 582 3298; x_wconf 89' lang='lat' dir='ltr'>Maximus</span> <span class='ocrx_word' id='word_1_206' title='bbox 606 3245 653 3298; x_wconf 91' lang='lat' dir='ltr'>be·</span> <span class='ocrx_word' id='word_1_207' title='bbox 739 3260 764 3309; x_wconf 84' lang='lat'>5.</span> <span class='ocrx_word' id='word_1_208' title='bbox 790 3246 927 3296; x_wconf 79' lang='lat' dir='ltr'>animum:</span> <span class='ocrx_word' id='word_1_209' title='bbox 946 3260 1046 3298; x_wconf 71' lang='lat' dir='ltr'>sensas.</span> 
     </span>
    </p>
   </div>
   <div class='ocr_carea' id='block_1_6' title="bbox 0 0 1240 3712">
    <p class='ocr_par' dir='ltr' id='par_1_11' title="bbox 0 0 1240 3712">
     <span class='ocr_line' id='line_1_31' title="bbox 0 0 1240 3712; baseline 0 0"><span class='ocrx_word' id='word_1_210' title='bbox 0 0 1240 3712; x_wconf 95' lang='lat' dir='ltr'> </span> 
     </span>
    </p>
   </div>
  </div>
 </body>
</html>
