2480 3702
93 201 96 210 “
153 231 193 298 72
304 201 309 215 ’
498 223 617 276 Lnnm
643 224 805 275 nunnus

197 402 247 466 Ea
262 401 428 466 cavillatih
444 402 582 466 huiusce
599 402 688 465 modi
704 403 787 465 fuit:
874 453 876 457 .

152 617 235 694 quis
251 617 502 692 comparaverat
517 619 552 674 ut
565 611 690 693 populu
702 611 855 673 Rhmanh
866 609 990 673 bellum
1004 610 1156 674 inferret.

108 781 109 786 ,
153 713 377 780 Convertebat
392 713 572 778 exercitum
589 713 794 795 insignibus¹
810 721 978 796 argenteis
997 723 1031 778 et
1047 725 1158 778 aureis

129 817 336 883 sllr'rrentem.
383 818 568 881 inducebat
591 817 691 882 etiam
718 826 834 882 currus
857 838 932 882 cum
956 817 1101 882 falcibus
1124 828 1160 882 et

153 921 351 1003 elephantus
362 941 438 986 cum
450 922 595 985 turn'hus
608 931 641 986 et
654 923 837 1004 equitatum
851 923 963 998 frenis,
975 921 1156 1005 ephippiis,

153 1025 338 1099 monilibus,
356 1026 503 1107 phaleris
520 1025 797 1108 praefulgentem.

197 1129 311 1211 Atque
334 1128 380 1192 ibi
403 1136 468 1203 rex,
485 1130 768 1211 co'ntemplatir'rne
791 1137 876 1192 tanti
898 1149 937 1193 ac
958 1138 1025 1192 tam
1048 1136 1160 1193 rimati

153 1232 317 1296 exercitus
362 1232 611 1314 glhriabundus,
656 1231 881 1296 Hannibalem
929 1231 1082 1315 adspicit,
1125 1243 1160 1297 et

117 1359 145 1391 10
155 1341 174 1370 ‘⁴
186 1335 362 1413 Putasne,''
408 1336 523 1420 inquit,
572 1335 681 1400 “satis
726 1337 821 1400 esse²
867 1337 1027 1400 R6ma‘1nis
1073 1338 1159 1402 haec

153 1439 316 1504 omniai''

196 1540 284 1603 Tum
332 1540 472 1616 Poenus¹
519 1540 658 1604 {ludens
699 1538 867 1622 ignaviam
909 1541 1160 1626 imbelliamque

154 1639 294 1702 militum
311 1639 383 1703 eius
400 1641 544 1722 pretihse
558 1647 771 1716 armathrum,
789 1640 979 1722 respondit:

200 1744 220 1772 “
233 1739 331 1814 Satis,
366 1740 465 1820 plane
500 1740 589 1815 satis,
627 1759 702 1803 esse
735 1741 835 1804 credh
875 1741 1036 1805 Rumanis
1076 1742 1160 1807 haec

120 1838 277 1915 150mnia,
295 1840 425 1902 etiamsi
439 1840 623 1902 avarissimi
639 1836 747 1903 sunt.'’

201 1943 295 2005 Nihil
318 1951 470 2024 pr6rsum
491 1963 601 2026 neque
617 1954 686 2006 tam
703 1942 813 2024 lepide
829 1964 938 2026 neque
954 1954 1022 2008 tam
1040 1947 1163 2011 acerbe

156 2046 222 2109 dici
237 2055 357 2128 potest.
402 2047 474 2109 Rex
485 2047 527 2109 de
540 2055 679 2110 numerh
690 2049 853 2112 exercitiis
867 2059 918 2111 sui
929 2057 1144 2131 quaesiverat
1154 2049 1175 2126 ;¹

157 2149 329 2232 respondit
346 2150 518 2214 Hannibal
534 2151 577 2213 de
592 2152 723 2233 praeda.

362 2372 419 2461 58.
478 2368 515 2441 T
509 2368 554 2440 he
581 2368 773 2465 Heavenly
799 2367 962 2442 Bodzcs³

204 2534 352 2597 Mundus
370 2544 422 2598 est
439 2534 637 2599 universitas
662 2541 781 2609 rerum,
799 2534 833 2597 in
858 2543 925 2618 qus>
948 2535 1063 2600 omnia
1085 2549 1166 2603 sunt

120 2668 148 2698 ιο
159 2645 193 2700 et
209 2644 302 2700 extra
318 2657 418 2720 quem
434 2637 516 2700 nihil
532 2647 593 2702 est.

157 2781 274 2851 guished
299 2782 497 2853 Carthaginiau
521 2784 633 2855 general
719 2801 744 2836 a.
771 2785 841 2837 satis
860 2799 934 2837 esse:
963 2791 992 2838 to
1010 2785 1040 2839 be
1058 2789 1165 2858 enough

159 2868 219 2922 who
241 2867 310 2922 after
334 2869 381 2922 the
402 2869 467 2922 final
491 2887 632 2925 successes
683 2872 745 2941 for,
758 2870 804 2924 ie.
818 2871 847 2924 be
858 2888 878 2924 a
889 2872 979 2924 match
984 2873 1048 2944 sor.

157 2954 189 3008 os
206 2954 253 3009 the
275 2956 397 3009 Romans
416 2956 516 3011 retired
535 2964 566 3011 to
585 2957 633 3010 the
721 2974 746 3021 3.
773 2957 843 3010 This
854 2957 964 3011 treatise
976 2975 1013 3012 on
1023 2959 1071 3013 the
1082 2960 1167 3016 heav-

157 3049 234 3096 court
248 3040 281 3095 of
289 3041 453 3095 Antiochus.
686 3043 749 3113 enly
763 3044 861 3098 bodies
874 3061 929 3098 was
939 3045 1048 3100 written
1061 3046 1100 3118 hy
1114 3050 1167 3102 Lu-

194 3147 217 3181 1.
243 3129 413 3194 insignibus:
454 3137 484 3182 to
509 3128 545 3183 be
571 3147 635 3184 con·
686 3130 743 3184 cius
757 3131 908 3199 Ampelius,
917 3131 978 3184 who
988 3132 1063 3187 lived
1077 3134 1106 3187 in
1120 3135 1166 3189 the

158 3215 255 3269 nected
268 3215 333 3276 with
347 3215 493 3266 timentem.
686 3217 760 3268 third
773 3225 887 3287 century
900 3231 965 3270 nn.
