<?xml version="1.0" encoding="UTF-8"?>
<!DOCTYPE html PUBLIC "-//W3C//DTD XHTML 1.0 Transitional//EN"
    "http://www.w3.org/TR/xhtml1/DTD/xhtml1-transitional.dtd">
<html xmlns="http://www.w3.org/1999/xhtml" xml:lang="en" lang="en">
 <head>
  <title>
</title>
<meta http-equiv="Content-Type" content="text/html;charset=utf-8" />
  <meta name='ocr-system' content='tesseract 3.04.00' />
  <meta name='ocr-capabilities' content='ocr_page ocr_carea ocr_par ocr_line ocrx_word'/>
</head>
<body>
  <div class='ocr_page' id='page_1' title='image "./alatinreadereas00gallgoog_0081.png"; bbox 0 0 2480 3702; ppageno 0'>
   <div class='ocr_carea' id='block_1_1' title="bbox 138 212 1020 289">
    <p class='ocr_par' dir='ltr' id='par_1_1' title="bbox 138 212 1020 289">
     <span class='ocr_line' id='line_1_1' title="bbox 138 212 1020 289; baseline -0.003 -23"><span class='ocrx_word' id='word_1_1' title='bbox 138 224 179 289; x_wconf 87' lang='lat'>74</span> <span class='ocrx_word' id='word_1_2' title='bbox 489 212 606 265; x_wconf 87' lang='lat' dir='ltr'>LATIN</span> <span class='ocrx_word' id='word_1_3' title='bbox 633 212 795 264; x_wconf 88' lang='lat' dir='ltr'><strong>READER</strong></span> <span class='ocrx_word' id='word_1_4' title='bbox 1005 213 1020 246; x_wconf 77' lang='lat'><strong><em>⁴</em></strong></span> 
     </span>
    </p>
   </div>
   <div class='ocr_carea' id='block_1_2' title="bbox 103 389 1152 2653">
    <p class='ocr_par' dir='ltr' id='par_1_2' title="bbox 137 389 1148 578">
     <span class='ocr_line' id='line_1_2' title="bbox 137 389 1148 479; baseline -0.002 -22"><span class='ocrx_word' id='word_1_5' title='bbox 137 413 213 458; x_wconf 92' lang='lat' dir='ltr'>cum</span> <span class='ocrx_word' id='word_1_6' title='bbox 238 412 345 475; x_wconf 85' lang='lat' dir='ltr'>aquae</span> <span class='ocrx_word' id='word_1_7' title='bbox 365 392 478 473; x_wconf 91' lang='lat' dir='ltr'>inopia</span> <span class='ocrx_word' id='word_1_8' title='bbox 501 398 591 454; x_wconf 91' lang='lat' dir='ltr'>esset</span> <span class='ocrx_word' id='word_1_9' title='bbox 615 399 649 454; x_wconf 92' lang='lat' dir='ltr'>et</span> <span class='ocrx_word' id='word_1_10' title='bbox 670 391 833 453; x_wconf 87' lang='lat' dir='ltr'>exercitus</span> <span class='ocrx_word' id='word_1_11' title='bbox 850 389 904 453; x_wconf 90' lang='lat' dir='ltr'>siti</span> <span class='ocrx_word' id='word_1_12' title='bbox 919 389 1148 479; x_wconf 80' lang='lat' dir='ltr'>adfligeretur,</span> 
     </span>
     <span class='ocr_line' id='line_1_3' title="bbox 137 493 691 578; baseline -0.007 -18"><span class='ocrx_word' id='word_1_13' title='bbox 137 497 223 560; x_wconf 92' lang='lat' dir='ltr'>aries</span> <span class='ocrx_word' id='word_1_14' title='bbox 239 506 286 560; x_wconf 91' lang='lat' dir='ltr'>eis</span> <span class='ocrx_word' id='word_1_15' title='bbox 303 515 424 578; x_wconf 89' lang='lat' dir='ltr'>aquam</span> <span class='ocrx_word' id='word_1_16' title='bbox 442 493 691 558; x_wconf 79' lang='lat' dir='ltr'>demenstrevit.</span> 
     </span>
    </p>

    <p class='ocr_par' dir='ltr' id='par_1_3' title="bbox 137 597 1150 784">
     <span class='ocr_line' id='line_1_4' title="bbox 180 597 1149 681; baseline -0.003 -17"><span class='ocrx_word' id='word_1_17' title='bbox 180 601 321 676; x_wconf 85' lang='lat' dir='ltr'>Taurus,</span> <span class='ocrx_word' id='word_1_18' title='bbox 339 605 397 681; x_wconf 93' lang='lat' dir='ltr'>qui</span> <span class='ocrx_word' id='word_1_19' title='bbox 412 606 548 663; x_wconf 89' lang='lat' dir='ltr'>sensum</span> <span class='ocrx_word' id='word_1_20' title='bbox 569 598 753 660; x_wconf 74' lang='lat' dir='ltr'>humenum</span> <span class='ocrx_word' id='word_1_21' title='bbox 773 597 881 679; x_wconf 76' lang='lat' dir='ltr'>figure</span> <span class='ocrx_word' id='word_1_22' title='bbox 896 605 983 660; x_wconf 91' lang='lat' dir='ltr'>tauri</span> <span class='ocrx_word' id='word_1_23' title='bbox 999 599 1149 662; x_wconf 89' lang='lat' dir='ltr'>contine-</span> 
     </span>
     <span class='ocr_line' id='line_1_5' title="bbox 137 700 1150 784; baseline -0.003 -17"><span class='ocrx_word' id='word_1_24' title='bbox 137 704 209 782; x_wconf 85' lang='lat' dir='ltr'>bat;</span> <span class='ocrx_word' id='word_1_25' title='bbox 222 703 249 767; x_wconf 94' lang='lat' dir='ltr'>is</span> <span class='ocrx_word' id='word_1_26' title='bbox 263 702 353 766; x_wconf 93' lang='lat' dir='ltr'>Iovis</span> <span class='ocrx_word' id='word_1_27' title='bbox 363 704 454 765; x_wconf 74' lang='lat' dir='ltr'>iussri</span> <span class='ocrx_word' id='word_1_28' title='bbox 468 703 638 784; x_wconf 79' lang='lat' dir='ltr'>Eurepam</span> <span class='ocrx_word' id='word_1_29' title='bbox 646 701 816 782; x_wconf 87' lang='lat' dir='ltr'>Agenoris</span> <span class='ocrx_word' id='word_1_30' title='bbox 826 700 932 764; x_wconf 83' lang='lat' dir='ltr'>filiam</span> <span class='ocrx_word' id='word_1_31' title='bbox 941 701 1150 766; x_wconf 89' lang='lat' dir='ltr'>Cretam¹de·</span> 
     </span>
    </p>

    <p class='ocr_par' dir='ltr' id='par_1_4' title="bbox 115 804 1148 889">
     <span class='ocr_line' id='line_1_6' title="bbox 115 804 1148 889; baseline -0.002 -19"><span class='ocrx_word' id='word_1_32' title='bbox 115 825 126 870; x_wconf 82' lang='lat' dir='ltr'>s</span> <span class='ocrx_word' id='word_1_33' title='bbox 138 808 290 889; x_wconf 77' lang='lat' dir='ltr'>portevit.</span> <span class='ocrx_word' id='word_1_34' title='bbox 324 805 379 871; x_wconf 93' lang='lat' dir='ltr'>Ob</span> <span class='ocrx_word' id='word_1_35' title='bbox 389 825 463 869; x_wconf 91' lang='lat' dir='ltr'>eam</span> <span class='ocrx_word' id='word_1_36' title='bbox 473 826 543 868; x_wconf 93' lang='lat' dir='ltr'>rem</span> <span class='ocrx_word' id='word_1_37' title='bbox 555 806 709 887; x_wconf 90' lang='lat' dir='ltr'>Iuppiter</span> <span class='ocrx_word' id='word_1_38' title='bbox 718 806 805 868; x_wconf 94' lang='lat' dir='ltr'>inter</span> <span class='ocrx_word' id='word_1_39' title='bbox 815 805 925 868; x_wconf 91' lang='lat' dir='ltr'>sidera</span> <span class='ocrx_word' id='word_1_40' title='bbox 936 824 1012 869; x_wconf 91' lang='lat' dir='ltr'>eum</span> <span class='ocrx_word' id='word_1_41' title='bbox 1024 804 1148 886; x_wconf 86' lang='lat' dir='ltr'><strong>posuit.</strong></span> 
     </span>
    </p>

    <p class='ocr_par' dir='ltr' id='par_1_5' title="bbox 182 908 1057 992">
     <span class='ocr_line' id='line_1_7' title="bbox 182 908 1057 992; baseline -0.005 -17"><span class='ocrx_word' id='word_1_42' title='bbox 182 910 323 986; x_wconf 80' lang='lat' dir='ltr'>Gemini,</span> <span class='ocrx_word' id='word_1_43' title='bbox 341 917 423 992; x_wconf 81' lang='lat' dir='ltr'>ques</span> <span class='ocrx_word' id='word_1_44' title='bbox 440 909 495 972; x_wconf 89' lang='lat' dir='ltr'>alii</span> <span class='ocrx_word' id='word_1_45' title='bbox 511 910 683 974; x_wconf 80' lang='lat' dir='ltr'>Casterem</span> <span class='ocrx_word' id='word_1_46' title='bbox 700 916 735 972; x_wconf 91' lang='lat' dir='ltr'>et</span> <span class='ocrx_word' id='word_1_47' title='bbox 748 908 916 972; x_wconf 76' lang='lat' dir='ltr'>Pollucem</span> <span class='ocrx_word' id='word_1_48' title='bbox 931 909 1057 972; x_wconf 92' lang='lat' dir='ltr'>dicunt.</span> 
     </span>
    </p>

    <p class='ocr_par' dir='ltr' id='par_1_6' title="bbox 140 1012 1150 1305">
     <span class='ocr_line' id='line_1_8' title="bbox 183 1012 1148 1096; baseline -0.006 -15"><span class='ocrx_word' id='word_1_49' title='bbox 183 1016 322 1091; x_wconf 86' lang='lat' dir='ltr'>Cancer,</span> <span class='ocrx_word' id='word_1_50' title='bbox 353 1022 508 1096; x_wconf 88' lang='lat' dir='ltr'>receptus</span> <span class='ocrx_word' id='word_1_51' title='bbox 542 1013 629 1076; x_wconf 90' lang='lat' dir='ltr'>inter</span> <span class='ocrx_word' id='word_1_52' title='bbox 665 1013 775 1076; x_wconf 90' lang='lat' dir='ltr'>sidera</span> <span class='ocrx_word' id='word_1_53' title='bbox 804 1012 967 1076; x_wconf 79' lang='lat' dir='ltr'>beneficie</span> <span class='ocrx_word' id='word_1_54' title='bbox 995 1013 1148 1088; x_wconf 77' lang='lat' dir='ltr'>lunonis,</span> 
     </span>
     <span class='ocr_line' id='line_1_9' title="bbox 140 1115 1150 1202; baseline -0.005 -19"><span class='ocrx_word' id='word_1_55' title='bbox 140 1119 229 1202; x_wconf 93' lang='lat' dir='ltr'>quod</span> <span class='ocrx_word' id='word_1_56' title='bbox 239 1119 326 1183; x_wconf 85' lang='lat' dir='ltr'>eius²</span> <span class='ocrx_word' id='word_1_57' title='bbox 338 1118 440 1194; x_wconf 78' lang='lat' dir='ltr'>iussu,</span> <span class='ocrx_word' id='word_1_58' title='bbox 453 1137 527 1180; x_wconf 88' lang='lat' dir='ltr'>curn</span> <span class='ocrx_word' id='word_1_59' title='bbox 543 1117 709 1180; x_wconf 88' lang='lat' dir='ltr'>Hercules</span> <span class='ocrx_word' id='word_1_60' title='bbox 722 1117 843 1180; x_wconf 90' lang='lat' dir='ltr'>missus</span> <span class='ocrx_word' id='word_1_61' title='bbox 855 1124 946 1180; x_wconf 91' lang='lat' dir='ltr'>esset</span> <span class='ocrx_word' id='word_1_62' title='bbox 955 1126 991 1178; x_wconf 94' lang='lat' dir='ltr'>ut</span> <span class='ocrx_word' id='word_1_63' title='bbox 1004 1115 1150 1200; x_wconf 87' lang='lat' dir='ltr'>hydram</span> 
     </span>
     <span class='ocr_line' id='line_1_10' title="bbox 142 1220 1149 1305; baseline -0.004 -18"><span class='ocrx_word' id='word_1_64' title='bbox 142 1225 338 1297; x_wconf 86' lang='lat' dir='ltr'>Lernaeam,</span> <span class='ocrx_word' id='word_1_65' title='bbox 361 1242 461 1305; x_wconf 91' lang='lat' dir='ltr'>quam</span> <span class='ocrx_word' id='word_1_66' title='bbox 484 1228 545 1284; x_wconf 83' lang='lat' dir='ltr'>nes</span> <span class='ocrx_word' id='word_1_67' title='bbox 571 1231 738 1284; x_wconf 87' lang='lat' dir='ltr'>excetram</span> <span class='ocrx_word' id='word_1_68' title='bbox 760 1220 909 1295; x_wconf 67' lang='lat' dir='ltr'>dicimus</span> <span class='ocrx_word' id='word_1_69' title='bbox 933 1220 1149 1296; x_wconf 89' lang='lat' dir='ltr'>interficeret,</span> 
     </span>
    </p>

    <p class='ocr_par' dir='ltr' id='par_1_7' title="bbox 103 1323 1151 1613">
     <span class='ocr_line' id='line_1_11' title="bbox 103 1323 1151 1408; baseline -0.005 -17"><span class='ocrx_word' id='word_1_70' title='bbox 103 1354 130 1384; x_wconf 87' lang='lat'>10</span> <span class='ocrx_word' id='word_1_71' title='bbox 141 1328 301 1402; x_wconf 74' lang='lat' dir='ltr'>carcinuS,</span> <span class='ocrx_word' id='word_1_72' title='bbox 320 1336 376 1408; x_wconf 95' lang='lat' dir='ltr'>qui</span> <span class='ocrx_word' id='word_1_73' title='bbox 393 1325 551 1389; x_wconf 90' lang='lat' dir='ltr'>Herculis</span> <span class='ocrx_word' id='word_1_74' title='bbox 567 1325 671 1406; x_wconf 90' lang='lat' dir='ltr'>pedes</span> <span class='ocrx_word' id='word_1_75' title='bbox 687 1334 720 1388; x_wconf 92' lang='lat' dir='ltr'>et</span> <span class='ocrx_word' id='word_1_76' title='bbox 736 1331 832 1386; x_wconf 78' lang='lat' dir='ltr'>crrira</span> <span class='ocrx_word' id='word_1_77' title='bbox 854 1323 1008 1400; x_wconf 72' lang='lat' dir='ltr'>laniabat,</span> <span class='ocrx_word' id='word_1_78' title='bbox 1026 1323 1151 1387; x_wconf 91' lang='lat' dir='ltr'>incom-</span> 
     </span>
     <span class='ocr_line' id='line_1_12' title="bbox 141 1427 1150 1510; baseline -0.005 -16"><span class='ocrx_word' id='word_1_79' title='bbox 141 1432 323 1494; x_wconf 79' lang='lat' dir='ltr'>modierem</span> <span class='ocrx_word' id='word_1_80' title='bbox 348 1428 494 1492; x_wconf 74' lang='lat' dir='ltr'>faciebat</span> <span class='ocrx_word' id='word_1_81' title='bbox 518 1430 615 1492; x_wconf 80' lang='lat' dir='ltr'>eum³</span> <span class='ocrx_word' id='word_1_82' title='bbox 630 1447 730 1510; x_wconf 90' lang='lat' dir='ltr'>quam</span> <span class='ocrx_word' id='word_1_83' title='bbox 755 1427 828 1509; x_wconf 89' lang='lat' dir='ltr'>ipsa</span> <span class='ocrx_word' id='word_1_84' title='bbox 852 1436 994 1491; x_wconf 84' lang='lat' dir='ltr'>excetra.</span> <span class='ocrx_word' id='word_1_85' title='bbox 1042 1427 1099 1492; x_wconf 95' lang='lat' dir='ltr'>Ob</span> <span class='ocrx_word' id='word_1_86' title='bbox 1115 1427 1150 1490; x_wconf 91' lang='lat' dir='ltr'>id</span> 
     </span>
     <span class='ocr_line' id='line_1_13' title="bbox 141 1531 916 1613; baseline -0.004 -16"><span class='ocrx_word' id='word_1_87' title='bbox 141 1535 267 1599; x_wconf 91' lang='lat' dir='ltr'>factum</span> <span class='ocrx_word' id='word_1_88' title='bbox 284 1534 452 1597; x_wconf 92' lang='lat' dir='ltr'>carcinum</span> <span class='ocrx_word' id='word_1_89' title='bbox 467 1534 553 1595; x_wconf 82' lang='lat' dir='ltr'>lime</span> <span class='ocrx_word' id='word_1_90' title='bbox 568 1534 654 1594; x_wconf 90' lang='lat' dir='ltr'>inter</span> <span class='ocrx_word' id='word_1_91' title='bbox 671 1531 780 1594; x_wconf 94' lang='lat' dir='ltr'>sidera</span> <span class='ocrx_word' id='word_1_92' title='bbox 796 1531 916 1613; x_wconf 91' lang='lat' dir='ltr'>posuit.</span> 
     </span>
    </p>

    <p class='ocr_par' dir='ltr' id='par_1_8' title="bbox 142 1635 1151 1824">
     <span class='ocr_line' id='line_1_14' title="bbox 186 1635 1151 1719; baseline -0.003 -18"><span class='ocrx_word' id='word_1_93' title='bbox 186 1639 266 1713; x_wconf 78' lang='lat' dir='ltr'>Lee,</span> <span class='ocrx_word' id='word_1_94' title='bbox 291 1657 390 1719; x_wconf 92' lang='lat' dir='ltr'>quem</span> <span class='ocrx_word' id='word_1_95' title='bbox 425 1636 591 1700; x_wconf 89' lang='lat' dir='ltr'>Hercules</span> <span class='ocrx_word' id='word_1_96' title='bbox 620 1635 739 1698; x_wconf 93' lang='lat' dir='ltr'>dicitur</span> <span class='ocrx_word' id='word_1_97' title='bbox 763 1635 981 1711; x_wconf 72' lang='lat' dir='ltr'>interfecisse,</span> <span class='ocrx_word' id='word_1_98' title='bbox 1008 1636 1151 1717; x_wconf 90' lang='lat' dir='ltr'>eiusque</span> 
     </span>
     <span class='ocr_line' id='line_1_15' title="bbox 142 1737 1150 1824; baseline -0.005 -19"><span class='ocrx_word' id='word_1_99' title='bbox 142 1743 263 1824; x_wconf 90' lang='lat' dir='ltr'>pellem</span> <span class='ocrx_word' id='word_1_100' title='bbox 302 1747 420 1822; x_wconf 76' lang='lat' dir='ltr'>postee</span> <span class='ocrx_word' id='word_1_101' title='bbox 459 1747 519 1822; x_wconf 83' lang='lat' dir='ltr'>pre</span> <span class='ocrx_word' id='word_1_102' title='bbox 556 1747 751 1820; x_wconf 80' lang='lat' dir='ltr'>tegumente</span> <span class='ocrx_word' id='word_1_103' title='bbox 781 1737 948 1802; x_wconf 87' lang='lat' dir='ltr'>habuisse.</span> <span class='ocrx_word' id='word_1_104' title='bbox 997 1738 1150 1802; x_wconf 80' lang='lat' dir='ltr'>Leenem</span> 
     </span>
    </p>

    <p class='ocr_par' dir='ltr' id='par_1_9' title="bbox 105 1843 815 1927">
     <span class='ocr_line' id='line_1_16' title="bbox 105 1843 815 1927; baseline -0.011 -15"><span class='ocrx_word' id='word_1_105' title='bbox 105 1880 131 1924; x_wconf 82' lang='lat'>15</span> <span class='ocrx_word' id='word_1_106' title='bbox 142 1846 278 1910; x_wconf 91' lang='lat' dir='ltr'>caelesti</span> <span class='ocrx_word' id='word_1_107' title='bbox 294 1845 457 1927; x_wconf 75' lang='lat' dir='ltr'>dignitate</span> <span class='ocrx_word' id='word_1_108' title='bbox 474 1845 564 1906; x_wconf 75' lang='lat' dir='ltr'>fitne</span> <span class='ocrx_word' id='word_1_109' title='bbox 577 1852 628 1906; x_wconf 93' lang='lat' dir='ltr'>est</span> <span class='ocrx_word' id='word_1_110' title='bbox 645 1843 815 1905; x_wconf 77' lang='lat' dir='ltr'>honereta.</span> 
     </span>
    </p>

    <p class='ocr_par' dir='ltr' id='par_1_10' title="bbox 141 1944 1152 2239">
     <span class='ocr_line' id='line_1_17' title="bbox 185 1944 1152 2031; baseline -0.002 -19"><span class='ocrx_word' id='word_1_111' title='bbox 185 1951 301 2031; x_wconf 80' lang='lat' dir='ltr'>Virge,</span> <span class='ocrx_word' id='word_1_112' title='bbox 326 1967 427 2031; x_wconf 91' lang='lat' dir='ltr'>quam</span> <span class='ocrx_word' id='word_1_113' title='bbox 451 1956 513 2010; x_wconf 80' lang='lat' dir='ltr'>nos</span> <span class='ocrx_word' id='word_1_114' title='bbox 539 1946 702 2009; x_wconf 79' lang='lat' dir='ltr'>Iirstitiam</span> <span class='ocrx_word' id='word_1_115' title='bbox 727 1944 889 2021; x_wconf 84' lang='lat' dir='ltr'>dicimus,⁴</span> <span class='ocrx_word' id='word_1_116' title='bbox 904 1945 970 2008; x_wconf 89' lang='lat' dir='ltr'>fuit</span> <span class='ocrx_word' id='word_1_117' title='bbox 993 1966 1068 2009; x_wconf 91' lang='lat' dir='ltr'>cum</span> <span class='ocrx_word' id='word_1_118' title='bbox 1094 1947 1152 2010; x_wconf 85' lang='lat' dir='ltr'>ho</span> 
     </span>
     <span class='ocr_line' id='line_1_18' title="bbox 142 2049 1152 2132; baseline -0.004 -16"><span class='ocrx_word' id='word_1_119' title='bbox 142 2053 295 2116; x_wconf 90' lang='lat' dir='ltr'>minibus.</span> <span class='ocrx_word' id='word_1_120' title='bbox 344 2051 411 2116; x_wconf 92' lang='lat' dir='ltr'>Sed</span> <span class='ocrx_word' id='word_1_121' title='bbox 430 2060 607 2132; x_wconf 88' lang='lat' dir='ltr'>postquam</span> <span class='ocrx_word' id='word_1_122' title='bbox 630 2051 781 2113; x_wconf 88' lang='lat' dir='ltr'>homines</span> <span class='ocrx_word' id='word_1_123' title='bbox 803 2049 1018 2113; x_wconf 89' lang='lat' dir='ltr'>malefacere</span> <span class='ocrx_word' id='word_1_124' title='bbox 1034 2057 1152 2132; x_wconf 81' lang='lat' dir='ltr'>coepe</span> 
     </span>
     <span class='ocr_line' id='line_1_19' title="bbox 141 2153 841 2239; baseline -0.006 -19"><span class='ocrx_word' id='word_1_125' title='bbox 141 2167 228 2232; x_wconf 93' lang='lat' dir='ltr'>runt,</span> <span class='ocrx_word' id='word_1_126' title='bbox 247 2155 398 2239; x_wconf 89' lang='lat' dir='ltr'>luppiter</span> <span class='ocrx_word' id='word_1_127' title='bbox 414 2174 488 2218; x_wconf 86' lang='lat' dir='ltr'>earn</span> <span class='ocrx_word' id='word_1_128' title='bbox 506 2154 591 2216; x_wconf 92' lang='lat' dir='ltr'>inter</span> <span class='ocrx_word' id='word_1_129' title='bbox 607 2163 705 2235; x_wconf 88' lang='lat' dir='ltr'>signa</span> <span class='ocrx_word' id='word_1_130' title='bbox 721 2153 841 2235; x_wconf 91' lang='lat' dir='ltr'>posuit.</span> 
     </span>
    </p>

    <p class='ocr_par' dir='ltr' id='par_1_11' title="bbox 186 2255 1151 2342">
     <span class='ocr_line' id='line_1_20' title="bbox 186 2255 1151 2342; baseline -0.001 -20"><span class='ocrx_word' id='word_1_131' title='bbox 186 2260 297 2334; x_wconf 88' lang='lat' dir='ltr'>Libra,</span> <span class='ocrx_word' id='word_1_132' title='bbox 314 2268 372 2342; x_wconf 90' lang='lat' dir='ltr'>qui</span> <span class='ocrx_word' id='word_1_133' title='bbox 394 2266 521 2341; x_wconf 91' lang='lat' dir='ltr'>primus</span> <span class='ocrx_word' id='word_1_134' title='bbox 541 2257 660 2319; x_wconf 87' lang='lat' dir='ltr'>dicitur</span> <span class='ocrx_word' id='word_1_135' title='bbox 684 2255 786 2319; x_wconf 84' lang='lat' dir='ltr'>librae</span> <span class='ocrx_word' id='word_1_136' title='bbox 806 2255 937 2338; x_wconf 92' lang='lat' dir='ltr'>pondus</span> <span class='ocrx_word' id='word_1_137' title='bbox 958 2255 1151 2321; x_wconf 91' lang='lat' dir='ltr'>hominibus</span> 
     </span>
    </p>

    <p class='ocr_par' dir='ltr' id='par_1_12' title="bbox 103 2359 1150 2533">
     <span class='ocr_line' id='line_1_21' title="bbox 103 2359 1150 2448; baseline -0.002 -22"><span class='ocrx_word' id='word_1_138' title='bbox 103 2388 131 2419; x_wconf 64' lang='grc' dir='ltr'>ιο</span> <span class='ocrx_word' id='word_1_139' title='bbox 140 2365 317 2439; x_wconf 90' lang='lat' dir='ltr'>invenisse,</span> <span class='ocrx_word' id='word_1_140' title='bbox 334 2361 476 2444; x_wconf 80' lang='lat' dir='ltr'>ideoque</span> <span class='ocrx_word' id='word_1_141' title='bbox 492 2361 526 2424; x_wconf 93' lang='lat' dir='ltr'>in</span> <span class='ocrx_word' id='word_1_142' title='bbox 543 2380 718 2424; x_wconf 91' lang='lat' dir='ltr'>numerum</span> <span class='ocrx_word' id='word_1_143' title='bbox 732 2359 902 2423; x_wconf 81' lang='lat' dir='ltr'>stellerum</span> <span class='ocrx_word' id='word_1_144' title='bbox 916 2369 1070 2442; x_wconf 88' lang='lat' dir='ltr'>receptus</span> <span class='ocrx_word' id='word_1_145' title='bbox 1085 2371 1150 2448; x_wconf 73' lang='lat' dir='ltr'>est,</span> 
     </span>
     <span class='ocr_line' id='line_1_22' title="bbox 141 2466 493 2533; baseline -0.014 0"><span class='ocrx_word' id='word_1_146' title='bbox 141 2477 174 2533; x_wconf 92' lang='lat' dir='ltr'>et</span> <span class='ocrx_word' id='word_1_147' title='bbox 192 2468 293 2532; x_wconf 91' lang='lat' dir='ltr'>Libra</span> <span class='ocrx_word' id='word_1_148' title='bbox 310 2476 360 2530; x_wconf 92' lang='lat' dir='ltr'>est</span> <span class='ocrx_word' id='word_1_149' title='bbox 376 2466 493 2529; x_wconf 92' lang='lat' dir='ltr'>dictus.</span> 
     </span>
    </p>

    <p class='ocr_par' dir='ltr' id='par_1_13' title="bbox 186 2552 1150 2653">
     <span class='ocr_line' id='line_1_23' title="bbox 186 2552 1150 2653; baseline -0.004 -17"><span class='ocrx_word' id='word_1_150' title='bbox 186 2571 355 2653; x_wconf 90' lang='lat' dir='ltr'>Scorpius,</span> <span class='ocrx_word' id='word_1_151' title='bbox 387 2579 444 2652; x_wconf 91' lang='lat' dir='ltr'>qui</span> <span class='ocrx_word' id='word_1_152' title='bbox 473 2569 516 2633; x_wconf 87' lang='lat' dir='ltr'>ad</span> <span class='ocrx_word' id='word_1_153' title='bbox 544 2568 726 2651; x_wconf 91' lang='lat' dir='ltr'>perniciem</span> <span class='ocrx_word' id='word_1_154' title='bbox 758 2552 913 2632; x_wconf 56' lang='grc' dir='ltr'>ὄτῑόηἱεὸ</span> <span class='ocrx_word' id='word_1_155' title='bbox 949 2573 1047 2631; x_wconf 80' lang='lat' dir='ltr'>uetus</span> <span class='ocrx_word' id='word_1_156' title='bbox 1085 2578 1150 2632; x_wconf 81' lang='lat' dir='ltr'>est</span> 
     </span>
    </p>
   </div>
   <div class='ocr_carea' id='block_1_3' title="bbox 142 2772 1152 3281">
    <p class='ocr_par' dir='ltr' id='par_1_14' title="bbox 142 2772 1152 3281">
     <span class='ocr_line' id='line_1_24' title="bbox 178 2772 1070 2841; baseline -0.007 -11"><span class='ocrx_word' id='word_1_157' title='bbox 178 2796 200 2830; x_wconf 86' lang='lat'>1.</span> <span class='ocrx_word' id='word_1_158' title='bbox 226 2779 348 2832; x_wconf 79' lang='lat' dir='ltr'>Cretam:</span> <span class='ocrx_word' id='word_1_159' title='bbox 362 2774 483 2830; x_wconf 88' lang='lat' dir='ltr'>Limitof</span> <span class='ocrx_word' id='word_1_160' title='bbox 492 2775 617 2829; x_wconf 86' lang='lat' dir='ltr'>Motion:</span> <span class='ocrx_word' id='word_1_161' title='bbox 706 2791 729 2826; x_wconf 82' lang='lat' dir='ltr'>a.</span> <span class='ocrx_word' id='word_1_162' title='bbox 755 2775 828 2826; x_wconf 84' lang='lat' dir='ltr'>aius:</span> <span class='ocrx_word' id='word_1_163' title='bbox 850 2772 932 2827; x_wconf 89' lang='lat' dir='ltr'>refers</span> <span class='ocrx_word' id='word_1_164' title='bbox 945 2781 974 2827; x_wconf 90' lang='lat' dir='ltr'>to</span> <span class='ocrx_word' id='word_1_165' title='bbox 987 2774 1070 2841; x_wconf 92' lang='lat' dir='ltr'>Juno.</span> 
     </span>
     <span class='ocr_line' id='line_1_25' title="bbox 142 2860 1151 2933; baseline -0.003 -15"><span class='ocrx_word' id='word_1_166' title='bbox 142 2865 238 2932; x_wconf 88' lang='lat' dir='ltr'>hence,</span> <span class='ocrx_word' id='word_1_167' title='bbox 264 2881 301 2918; x_wconf 91' lang='lat' dir='ltr'>no</span> <span class='ocrx_word' id='word_1_168' title='bbox 330 2863 507 2933; x_wconf 88' lang='lat' dir='ltr'>preposition.</span> <span class='ocrx_word' id='word_1_169' title='bbox 556 2862 618 2916; x_wconf 90' lang='lat' dir='ltr'>The</span> <span class='ocrx_word' id='word_1_170' title='bbox 705 2879 730 2924; x_wconf 84' lang='lat'>³·</span> <span class='ocrx_word' id='word_1_171' title='bbox 757 2862 992 2914; x_wconf 81' lang='lat' dir='ltr'>incommodioram</span> <span class='ocrx_word' id='word_1_172' title='bbox 1027 2860 1151 2916; x_wconf 72' lang='lat' dir='ltr'>faciebat</span> 
     </span>
     <span class='ocr_line' id='line_1_26' title="bbox 142 2947 1130 3019; baseline -0.004 -14"><span class='ocrx_word' id='word_1_173' title='bbox 142 2951 213 3006; x_wconf 89' lang='lat' dir='ltr'>fabfe</span> <span class='ocrx_word' id='word_1_174' title='bbox 234 2951 266 3005; x_wconf 89' lang='lat' dir='ltr'>of</span> <span class='ocrx_word' id='word_1_175' title='bbox 281 2951 327 3004; x_wconf 90' lang='lat' dir='ltr'>the</span> <span class='ocrx_word' id='word_1_176' title='bbox 347 2950 471 3019; x_wconf 85' lang='lat' dir='ltr'>carrying</span> <span class='ocrx_word' id='word_1_177' title='bbox 489 2966 565 3019; x_wconf 91' lang='lat' dir='ltr'>away</span> <span class='ocrx_word' id='word_1_178' title='bbox 583 2948 614 3002; x_wconf 90' lang='lat' dir='ltr'>of</span> <span class='ocrx_word' id='word_1_179' title='bbox 669 2964 745 3001; x_wconf 84' lang='lat' dir='ltr'>eum:</span> <span class='ocrx_word' id='word_1_180' title='bbox 767 2949 847 3001; x_wconf 77' lang='lat' dir='ltr'>made</span> <span class='ocrx_word' id='word_1_181' title='bbox 858 2947 917 3000; x_wconf 79' lang='lat' dir='ltr'>him</span> <span class='ocrx_word' id='word_1_182' title='bbox 929 2964 1002 3001; x_wconf 81' lang='lat' dir='ltr'>more</span> <span class='ocrx_word' id='word_1_183' title='bbox 1014 2948 1130 3002; x_wconf 75' lang='lat' dir='ltr'>trouble.</span> 
     </span>
     <span class='ocr_line' id='line_1_27' title="bbox 143 3036 968 3109; baseline -0.006 -18"><span class='ocrx_word' id='word_1_184' title='bbox 143 3040 253 3107; x_wconf 88' lang='lat' dir='ltr'>Europa</span> <span class='ocrx_word' id='word_1_185' title='bbox 266 3039 302 3109; x_wconf 87' lang='lat' dir='ltr'>by</span> <span class='ocrx_word' id='word_1_186' title='bbox 313 3039 359 3091; x_wconf 88' lang='lat' dir='ltr'>the</span> <span class='ocrx_word' id='word_1_187' title='bbox 370 3036 426 3090; x_wconf 92' lang='lat' dir='ltr'>bull</span> <span class='ocrx_word' id='word_1_188' title='bbox 440 3037 618 3105; x_wconf 88' lang='lat' dir='ltr'>isaperson-</span> <span class='ocrx_word' id='word_1_189' title='bbox 704 3053 727 3098; x_wconf 82' lang='lat'>4.</span> <span class='ocrx_word' id='word_1_190' title='bbox 756 3037 886 3088; x_wconf 83' lang='lat' dir='ltr'>dicimus:</span> <span class='ocrx_word' id='word_1_191' title='bbox 906 3036 968 3088; x_wconf 87' lang='lat' dir='ltr'>call.</span> 
     </span>
     <span class='ocr_line' id='line_1_28' title="bbox 142 3111 1152 3195; baseline 0 -18"><span class='ocrx_word' id='word_1_192' title='bbox 142 3125 262 3179; x_wconf 85' lang='lat' dir='ltr'>ification</span> <span class='ocrx_word' id='word_1_193' title='bbox 276 3125 307 3178; x_wconf 89' lang='lat' dir='ltr'>of</span> <span class='ocrx_word' id='word_1_194' title='bbox 322 3125 369 3178; x_wconf 91' lang='lat' dir='ltr'>the</span> <span class='ocrx_word' id='word_1_195' title='bbox 383 3123 565 3178; x_wconf 89' lang='lat' dir='ltr'>colonization</span> <span class='ocrx_word' id='word_1_196' title='bbox 583 3123 615 3177; x_wconf 89' lang='lat' dir='ltr'>of</span> <span class='ocrx_word' id='word_1_197' title='bbox 704 3138 729 3186; x_wconf 79' lang='lat'>5.</span> <span class='ocrx_word' id='word_1_198' title='bbox 756 3125 791 3176; x_wconf 82' lang='lat' dir='ltr'>ad</span> <span class='ocrx_word' id='word_1_199' title='bbox 803 3123 950 3189; x_wconf 77' lang='lat' dir='ltr'>perniciem</span> <span class='ocrx_word' id='word_1_200' title='bbox 961 3111 1081 3176; x_wconf 68' lang='lat' dir='ltr'>fidenis:</span> <span class='ocrx_word' id='word_1_201' title='bbox 1094 3126 1152 3195; x_wconf 87' lang='lat' dir='ltr'>for</span> 
     </span>
     <span class='ocr_line' id='line_1_29' title="bbox 142 3210 1151 3281; baseline 0.001 -17"><span class='ocrx_word' id='word_1_202' title='bbox 142 3212 189 3265; x_wconf 91' lang='lat' dir='ltr'>the</span> <span class='ocrx_word' id='word_1_203' title='bbox 203 3213 283 3264; x_wconf 89' lang='lat' dir='ltr'>West</span> <span class='ocrx_word' id='word_1_204' title='bbox 297 3211 365 3264; x_wconf 87' lang='lat' dir='ltr'>from</span> <span class='ocrx_word' id='word_1_205' title='bbox 379 3211 425 3263; x_wconf 87' lang='lat' dir='ltr'>the</span> <span class='ocrx_word' id='word_1_206' title='bbox 439 3212 516 3263; x_wconf 89' lang='lat' dir='ltr'>East.</span> <span class='ocrx_word' id='word_1_207' title='bbox 668 3210 713 3262; x_wconf 69' lang='lat' dir='ltr'>tlte</span> <span class='ocrx_word' id='word_1_208' title='bbox 724 3211 892 3263; x_wconf 80' lang='lat' dir='ltr'>destruction</span> <span class='ocrx_word' id='word_1_209' title='bbox 907 3210 944 3281; x_wconf 84' lang='lat' dir='ltr'>os</span> <span class='ocrx_word' id='word_1_210' title='bbox 958 3211 1055 3264; x_wconf 84' lang='lat' dir='ltr'>Orion.</span> <span class='ocrx_word' id='word_1_211' title='bbox 1095 3213 1151 3267; x_wconf 85' lang='lat' dir='ltr'>Ac-</span> 
     </span>
    </p>
   </div>
   <div class='ocr_carea' id='block_1_4' title="bbox 0 0 1244 3702">
    <p class='ocr_par' dir='ltr' id='par_1_15' title="bbox 0 0 1244 3702">
     <span class='ocr_line' id='line_1_30' title="bbox 0 0 1244 3702; baseline 0 0"><span class='ocrx_word' id='word_1_212' title='bbox 0 0 1244 3702; x_wconf 95' lang='lat' dir='ltr'> </span> 
     </span>
    </p>
   </div>
  </div>
 </body>
</html>
