2470 3712
425 252 541 304 LATIN
569 251 729 303 READER
1040 260 1074 306 11

69 432 229 514 virgulis
258 437 340 514 quas
367 429 518 495 celeriter
542 430 732 510 fregerunt:
771 429 858 490 Tum
881 429 1078 491 exclrimavit

69 536 239 616 agricola:
281 535 422 616 “Quam
455 535 553 596 firma
579 533 652 595 res¹
684 542 735 596 est
762 531 947 605 concordia,
977 551 1076 614 quam

69 638 246 702 imbecillis
262 638 445 702 discordia!
459 637 476 663 '’

315 830 349 898 4.
403 804 621 878 Greedz‘ness
648 801 852 876 Punz'slzed
916 859 921 870 .

119 951 241 1014 Mulier
263 952 448 1034 quaedam²
466 951 612 1015 habebat
630 951 800 1032 gallinam,
823 969 908 1033 quae
929 949 979 1013 ei³
998 958 1075 1013 coti·

70 1056 126 1118 die
147 1064 245 1118 ovum
265 1055 435 1138 pariebat⁴
451 1076 599 1119 aureum.
649 1053 771 1117 Mulier
785 1053 832 1116 ita
847 1053 1075 1117 existimabat:
1088 1071 1101 1116 s

70 1160 184 1222 “Mea
204 1159 329 1241 gallina
350 1159 422 1223 sine
441 1158 543 1222 dubio
563 1178 708 1222 massam
725 1167 797 1221 auri
811 1157 902 1220 intus
918 1158 1024 1234 celat;
1049 1166 1077 1220 si

69 1263 232 1344 gallinam
257 1263 431 1339 occidam,⁵
454 1283 553 1327 omne
581 1283 698 1325 aurum
726 1261 837 1324 statim
865 1260 1074 1343 possideb6.’'

71 1367 192 1448 Itaque
215 1387 290 1430 eam
315 1367 444 1431 occidit.
493 1367 560 1432 Sed
585 1366 667 1429 nihil
693 1367 729 1428 in
755 1373 795 1428 ea
820 1366 988 1447 repperit⁶
1012 1365 1076 1426 nisi

70 1470 182 1552 quod⁷
201 1470 234 1532 in
255 1470 327 1533 aliis
346 1471 478 1552 gallinis
497 1477 634 1552 reperiri
652 1470 745 1533 solet.
795 1468 978 1531 Maioribus
997 1469 1076 1531 divi-

68 1573 146 1636 tiis⁸
161 1573 348 1650 inhiabat⁹;
372 1575 517 1638 minores
527 1575 547 1610 ¹⁰
562 1575 661 1640 etiam
679 1573 855 1655 perdidit.¹¹
1087 1599 1115 1630 10

358 1763 389 1835 5.
444 1741 537 1839 Safe
561 1741 644 1813 and
666 1742 790 1838 Saucy

118 1889 269 1964 Haedus
283 1897 341 1971 qui
356 1887 389 1949 in
406 1895 495 1951 tecto
505 1889 524 1922 ¹²
543 1888 662 1950 ἀοῐηῡε
672 1888 692 1922 ¹³
710 1888 829 1963 stabat,
848 1886 927 1969 lupi>
944 1857 1076 1949 maledi-

71 1990 203 2054 cebat.¹⁴
236 1990 329 2055 Cui¹⁶
341 1990 521 2078 respondit,
527 1991 640 2072 lupus:
662 1991 768 2052 “Non
781 1990 850 2063 ti'1‚¹⁶
865 1990 924 2052 sed
939 1997 1073 2065 tectum,

109 2142 132 2175 1.
160 2138 243 2190 qnam
282 2123 364 2177 firma
392 2128 449 2177 res:
489 2124 551 2177 horo
600 2123 708 2190 wealtlz,
719 2123 834 2178 indirect
846 2123 946 2193 object.

69 2215 198 2280 strangu
210 2210 308 2281 thing!
654 2228 680 2274 9.
705 2211 765 2262 lead
777 2227 796 2262 a
808 2211 895 2263 desire
905 2211 978 2281 for„u
1002 2210 1075 2263 liter·

107 2314 132 2349 a.
161 2299 259 2349 mulier
278 2302 426 2364 quaedam:
454 2316 473 2351 a
495 2314 550 2350 cer-
601 2296 663 2367 ally,
676 2297 900 2350 badhermoutlz
913 2298 1049 2367 openfor.

71 2386 132 2436 lain
145 2401 264 2437 woman.
640 2401 679 2436 10.
706 2385 820 2436 divitiis
832 2383 856 2436 is
868 2382 1048 2437 understood.

107 2487 133 2533 3.
149 2472 205 2542 for
214 2472 272 2538 her,
280 2474 320 2525 ie.
330 2471 371 2525 for
379 2472 426 2526 the
435 2489 549 2525 woman.
639 2487 679 2523 11.
705 2472 788 2524 From
800 2476 890 2540 perdo,
903 2469 962 2523 lose.

107 2575 134 2621 4.
160 2558 227 2624 laid,
251 2558 321 2612 from
356 2564 441 2628 parili,
463 2560 553 2627 bring
639 2575 679 2610 12.
706 2558 775 2628 roos,
789 2555 857 2610 from
870 2560 942 2624 tego,
954 2573 1044 2610 cover.

73 2644 166 2715 forth.
639 2661 678 2707 13.
706 2644 843 2698 Genitive.

109 2747 134 2796 5.
162 2732 263 2786 Future
285 2732 432 2787 indicative
458 2731 488 2785 of
508 2748 550 2787 oc·
639 2748 678 2795 14.
704 2749 765 2784 was
782 2732 906 2800 abusing.

74 2824 140 2886 eido,
153 2818 212 2871 kill.
638 2833 678 2881 15.
706 2818 801 2872 Resers
811 2826 840 2871 to
854 2821 964 2871 haedus.
1001 2819 1076 2873 Ren-

109 2913 135 2958 ⁶.
162 2906 268 2961 Perfect
291 2906 438 2961 indicative
459 2905 491 2960 of
510 2925 551 2962 re·
602 2906 650 2959 der
668 2906 735 2958 kint.
775 2904 836 2957 The
862 2905 943 2958 Latin
964 2905 1076 2960 relative

76 2993 158 3059 perio,
181 2994 257 3062 find.
297 2993 359 3047 The
389 2992 495 3062 subject
525 2991 549 3045 is
602 2993 625 3045 is
639 2992 714 3047 often
725 2993 772 3047 the
785 2992 844 3044 first
858 2993 931 3045 word
944 2993 1077 3046 inasen-

76 3080 181 3131 mulier.
601 3090 680 3133 tence
692 3080 780 3133 where
793 3078 911 3149 English
924 3095 988 3132 uses
1001 3096 1017 3132 a
1030 3080 1077 3133 de·

111 3181 135 3230 7.
159 3168 214 3218 nisi
226 3170 311 3233 quod:
331 3171 422 3237 except
433 3167 517 3220 what.
603 3166 790 3220 monstrative.

111 3259 135 3304 8.
158 3253 425 3306 mionbusdivitiis:
437 3260 552 3323 greater
599 3269 601 3273 ·
639 3264 678 3308 16.
706 3255 845 3306 maledicis
857 3253 881 3308 is
894 3253 1075 3307 understood.
