2480 3702
430 230 547 281 LATIN
574 229 734 281 READER

299 430 355 518 56.
407 424 447 496 A
453 424 608 496 mbz'tz'on
634 422 867 495 Denounced

122 574 267 650 Cinees,¹
284 575 414 655 legetus
429 574 463 635 in
482 573 600 658 Pyrrhi
615 581 741 648 castris,
758 573 897 636 censilia
912 573 1001 656 regis
1017 581 1085 638 nen

78 698 213 760 semper
229 677 415 760 probz‘rbat.²

125 781 306 866 Quondam
324 782 470 865 Pyrrhus
493 781 574 844 dixit
598 787 634 843 se
657 780 742 844 velle
765 767 898 844 italiam
915 788 1085 864 superare,

80 895 115 950 et
141 885 265 951 Cinees
287 886 493 968 “Superetis
519 885 730 948 Romanu*
754 884 870 967 inquit,
900 885 1008 968 “quid
1037 893 1088 949 est

80 989 142 1053 tibi
157 989 191 1052 in
208 989 320 1052 anime
336 990 458 1065 iacere,
475 996 496 1051 ὁ
512 988 590 1051 rex?
603 988 620 1013 ’'
1100 1010 1112 1054 s
1146 983 1148 992 '

128 1075 298 1156 “Ttaliae⁴
319 1101 428 1156 vicina
451 1101 503 1157 est
527 1092 669 1168 Sicilia,'’
688 1092 796 1175 inquit
821 1093 977 1177 Pyrrhus,
997 1098 1015 1125 ‘⁴
1026 1112 1088 1157 nec

81 1195 218 1261 difficile
233 1197 296 1260 erit
313 1217 388 1261 eam
403 1205 504 1260 armis
520 1197 717 1278 occupere.''

126 1301 214 1363 Tum
223 1300 360 1365 Cinees:
379 1301 581 1383 “Occupete
592 1300 713 1375 Sicilie,
722 1299 800 1382 quid
812 1301 1060 1383 posteefacies?
1070 1299 1087 1325 ’'

129 1405 210 1480 Rex,
224 1411 282 1487 qui
297 1405 445 1492 neudum
463 1414 609 1468 mentem
627 1403 751 1468 Cineae
768 1403 1000 1486 perspiciebat,
1017 1409 1036 1436 “
1047 1405 1088 1466 In

82 1493 270 1584 Ᾰίῐὶοαῐῃ,”
287 1508 403 1591 inquit,
422 1513 440 1540 “
451 1514 591 1571 trensire
607 1507 688 1569 mihi
703 1508 737 1569 in
754 1509 866 1569 anime
881 1507 962 1571 est.”
1102 1542 1129 1572 10

127 1611 269 1677 Cinees:
295 1612 415 1696 “Quid
432 1611 562 1684 deinde,
580 1618 600 1672 6
616 1617 673 1672 rex
687 1610 698 1672 ?
710 1611 727 1634 ’'

128 1716 245 1779 “Tum
263 1716 415 1798 denique,
433 1725 479 1777 mi
495 1713 647 1789 Cinees,’'
664 1713 772 1796 inquit
795 1715 951 1798 Pyrrhus,
977 1720 995 1748 “
1007 1717 1090 1780 ιιόεε

83 1819 188 1903 quieti
203 1819 389 1883 dabimus.”

127 1922 291 1989 Celeriter
307 1923 482 2010 respondit
498 1923 640 1987 Cinees:
666 1921 745 1985 “At
760 1929 819 1985 eur
834 1929 903 1985 nen
918 1932 969 1987 vis
990 1924 1088 1987 istam

82 2029 229 2112 quietem
246 2028 313 2090 iam
330 2028 440 2090 nunc⁶
455 2024 649 2109 possidere?
662 2025 679 2050 ''
1101 2067 1127 2113 15

361 2245 417 2318 57.
469 2220 708 2295 Hanrzz'bal's
726 2222 810 2312 sest

128 2376 169 2437 In
211 2374 302 2438 libris
343 2384 494 2438 veterum
536 2372 789 2436 memorierum⁷
825 2382 984 2454 scriptum
1015 2375 1089 2437 est⁸

49 2477 331 2541 .Hanniba1em⁹
358 2477 667 2558 Carthaginiensem
704 2475 794 2558 apud
825 2483 939 2558 regem
971 2476 1089 2541 Antio-

81 2583 181 2646 chum
198 2581 402 2644 facetissime
416 2582 604 2644 eavilletum
620 2598 703 2642 esse.

127 2726 150 2760 1.
178 2709 291 2762 clneerr
312 2724 365 2762 one
375 2706 408 2762 of
413 2707 460 2760 the
470 2706 558 2761 ablest
653 2711 678 2757 ⁶.
705 2705 761 2757 iam
784 2720 869 2758 nune:
897 2712 928 2759 at
951 2707 1008 2760 tlu's
1031 2726 1087 2763 mo-

80 2795 246 2849 lieutenauts
260 2794 378 2866 Pyrrhus
392 2793 456 2847 had.
609 2798 692 2845 ment.

123 2898 149 2935 2.
176 2885 323 2949 prohibat:
343 2885 476 2951 approve.
652 2896 677 2943 7.
704 2883 827 2932 veterum
835 2883 1039 2936 memorierum:
1055 2880 1094 2955 of

124 2987 150 3034 3.
176 2973 312 3036 superetis
337 2972 481 3022 Reminis:
512 2971 558 3040 af·
607 2967 652 3019 tlte
663 2967 711 3019 old
720 2968 837 3020 recordr.

78 3063 123 3110 ter
134 3057 355 3138 conquen‘ngtlu
367 3058 498 3110 Romans.
651 3061 676 3106 8.
703 3057 902 3120 scriptumest:
920 3055 968 3110 the
978 3057 1084 3128 subject

123 3162 150 3208 4.
177 3145 290 3196 Italiae:
312 3143 419 3197 Dative.
608 3141 630 3194 is
643 3142 824 3194 Hannibalem
838 3143 999 3196 cavillitum
1012 3160 1081 3197 esse.

124 3247 148 3296 ⁵·
176 3235 241 3284 nes:
262 3231 431 3285 Accusative.
650 3245 675 3293 9.
701 3229 896 3281 Hannibalem:
918 3229 966 3284 the
985 3230 1083 3284 distin·
