2470 3712
527 219 644 273 LATIN
671 221 831 274 READER

394 400 451 471 28.
502 397 677 471 Maxz'ms
700 397 783 471 ond
804 400 965 474 Mottoes

201 563 227 610 1.
260 546 439 634 Adastra¹
454 567 514 630 per
529 568 659 629 aspera.

197 666 226 714 2.
258 635 334 715 lius
349 651 500 715 volamus
516 651 681 735 propriis.²

197 769 225 832 3.
259 754 371 818 Labor
386 754 498 818 omnia
514 755 626 820 vincit.

194 875 224 938 4.
258 858 327 924 Ubi
343 858 418 935 mel,
434 858 480 922 ibi
495 867 587 943 apes.

198 975 225 1042 5.
258 963 351 1026 Ante
367 964 539 1027 victoriam
555 971 598 1028 ne
614 971 715 1029 canas
732 966 962 1049 triumphum.⁸

194 1067 224 1130 6.
256 1066 414 1131 Audaces
430 1067 566 1131 fortuna
587 1069 688 1145 iuvat,
710 1069 909 1153 timidosque
924 1070 1063 1153 repellit

195 1185 223 1251 7.
257 1171 314 1234 Bis
330 1170 387 1235 dat
402 1180 459 1254 qui
473 1171 539 1236 cito
555 1173 622 1237 dat.
718 1189 720 1194 '
788 1240 795 1254 ¹
952 1152 962 1171 ¹

194 1276 223 1337 8.
257 1275 484 1357 Corrumpunt
498 1275 604 1341 bonos
620 1282 730 1340 mores
745 1277 922 1360 conloquia
938 1285 1049 1359 prava

194 1396 224 1460 9.
259 1379 312 1442 De
328 1385 466 1444 mortuis
482 1380 527 1443 nil
543 1380 608 1444 nisi
622 1380 770 1445 bonum.⁴

177 1498 224 1546 10.
258 1483 353 1546 Duos
369 1492 427 1567 qui
442 1484 590 1567 sequitur
606 1485 736 1567 lepores
752 1493 905 1548 neutrum
922 1484 1021 1569 capit.

178 1604 224 1650 11.
258 1587 343 1651 Esse
359 1607 457 1670 quam
475 1588 580 1650 videri
595 1587 730 1652 malim.⁶

178 1707 223 1753 12.
258 1691 351 1753 Felix
367 1698 423 1774 qui
439 1691 522 1754 nihil
538 1691 645 1756 debet.

177 1810 224 1873 13.
258 1795 375 1859 Fortes
391 1795 527 1858 fortuna
542 1795 642 1859 iuvat.

177 1916 225 1977 14.
261 1899 353 1962 Forti
369 1908 402 1963 et
418 1899 506 1961 fideli
522 1900 568 1962 nil
584 1899 725 1964 difficile.

177 2015 224 2081 15.
258 2003 365 2066 Fortis
382 2003 511 2077 cadere,
528 2003 646 2067 cedere
662 2012 729 2067 non
746 2013 865 2086 potest.

177 2106 223 2170 16.
257 2107 360 2171 Gutta
375 2116 472 2170 cavat
488 2106 632 2188 lapidem
648 2115 715 2170 non
731 2117 766 2170 vi
781 2105 839 2171 sed
856 2127 958 2192 saepe
974 2108 1149 2174 cadendo.⁸

177 2223 223 2290 17.
257 2211 335 2273 Non
351 2220 402 2275 est
418 2211 531 2273 fimus
547 2211 674 2295 absque
689 2213 777 2293 igne.

209 2362 232 2397 r.
258 2346 293 2397 ad
315 2347 399 2412 astra,
416 2345 545 2416 tojam,
570 2345 646 2400 since
695 2345 784 2416 grand
799 2345 944 2416 triumpha!
961 2347 1125 2416 processioa
1138 2349 1172 2402 al·

171 2441 242 2486 stars
257 2448 326 2486 were
342 2431 442 2485 named
457 2431 525 2485 after
540 2432 645 2486 famous
696 2433 784 2486 lowed
803 2449 820 2485 a
837 2434 949 2504 general
961 2434 1025 2489 who
1043 2434 1098 2488 had
1112 2453 1173 2490 won

171 2536 347 2590 personages.
389 2519 550 2573 Translate:
591 2520 647 2573 ΤΙιι
696 2519 842 2575 anotable
861 2519 965 2592 victory
983 2538 1049 2576 over
1067 2523 1173 2594 foreign

172 2608 243 2660 read
258 2613 285 2660 to
290 2608 374 2678 fame
385 2607 433 2660 lies
444 2607 563 2677 through
575 2609 646 2677 dtffi·
696 2605 762 2661 foes.

170 2694 271 2748 cultior.
731 2712 757 2759 4.
783 2695 925 2762 dicendum
948 2697 991 2748 est
1022 2695 1046 2750 is
1074 2698 1173 2752 under-

206 2799 231 2833 α.
258 2783 304 2834 An
328 2779 488 2849 expression
513 2781 545 2834 of
570 2781 645 2835 inde·
697 2781 788 2836 stood.
826 2781 954 2852 Nothing
965 2783 1012 2835 but
1020 2785 1097 2853 good
1108 2787 1134 2838 is
1148 2792 1173 2838 to

171 2864 320 2935 pendence,
338 2863 436 2933 Wefiy
444 2864 512 2916 wz'tlz
521 2881 645 2918 ourown
696 2870 725 2922 be
736 2869 802 2920 said
810 2868 847 2938 of
851 2868 896 2920 tlte
908 2869 987 2922 dead.

170 2950 267 3017 wzags.
731 2969 754 3020 5.
780 2955 888 3008 milim:
907 2964 1018 3024 present
1042 2958 1172 3030 subjunc-

206 3053 231 3099 3.
257 3035 302 3087 Do
310 3040 357 3087 not
365 3035 427 3103 sing
433 3050 508 3102 your
516 3036 644 3105 triumph
693 3043 758 3107 -tive,
772 3043 792 3093 Ι
799 3041 899 3094 should
904 3043 1011 3113 prefer.

170 3139 239 3192 song
252 3123 343 3192 before
359 3123 490 3190 wz'nning
498 3138 573 3190 your
590 3127 645 3176 vic·
731 3137 754 3181 6.
781 3127 909 3181 Ablative
922 3128 954 3182 of
963 3128 1010 3183 the
1022 3135 1133 3201 gerund
1147 3133 1173 3188 ol

169 3216 240 3276 lory.
279 3208 340 3261 The
357 3208 515 3272 triumphus
524 3225 578 3262 was
598 3210 645 3263 the
696 3218 771 3282 cado,
782 3215 935 3286 bysalling.
